2767 4384
500 436 850 494 AVLVLARIA·

241 574 363 633 Patrique,
384 586 473 631 auoque
492 574 540 622 iam
557 576 642 631 huius,
664 574 705 634 qui
724 589 786 623 nune
801 578 840 626 hic
854 580 940 630 hebet:

241 662 287 707 Sed
306 658 364 705 mihi
382 671 437 705 auos
452 658 521 706 huius
536 659 657 709 obsecrans
676 664 818 713 concredidit
878 706 881 717 ,

242 746 387 793 Thesaurum
402 745 453 791 nuri
468 746 529 791 clam
545 747 637 793 omnis:
660 745 685 793 in
702 748 780 793 medio
794 746 847 796 soen

242 831 349 886 Defendit,
372 842 483 878 venerans
498 841 551 884 me.
575 840 600 877 vt
618 829 642 876 id
656 829 773 876 sesunrem
789 831 838 878 ssbs.

242 921 266 966 Is
280 919 389 977 quoniam
408 916 522 969 moritur,
545 917 594 967 (ita
610 914 679 961 auido
696 916 791 974 ingenio
807 916 870 971 fuit>

241 1006 376 1059 Numquam
391 1001 493 1048 indicare
511 1001 536 1047 id
553 999 603 1045 silio
620 997 695 1044 voluit
709 996 763 1045 suo:

241 1091 383 1146 inopemque
399 1086 490 1142 optauit
504 1085 583 1140 potius
599 1095 654 1128 enm
669 1084 817 1141 relinquere,
831 1090 834 1094 ’

241 1177 317 1227 Quam
332 1187 386 1220 eum
399 1169 547 1218 Thesaurum
564 1166 757 1216 commonstraret
772 1167 830 1216 filio.
867 1172 874 1191 '

240 1259 296 1315 Agri
312 1258 406 1314 reliquit
420 1254 443 1301 ei
456 1265 503 1297 non
519 1263 631 1307 magnum
645 1252 757 1307 modum

242 1344 294 1396 Quo
311 1354 364 1387 cnm
381 1340 460 1385 labore
478 1349 582 1395 magno,
606 1349 630 1385 en
643 1337 728 1385 misere
744 1337 841 1386 videret.

240 1428 289 1474 vni
307 1428 327 1472 is
342 1427 400 1471 obiit
416 1437 531 1478 mortem,
553 1424 593 1482 qui
611 1423 669 1470 mihi
687 1425 712 1470 id
729 1437 812 1473 tntum
828 1423 943 1482 credidit,

243 1510 316 1564 Coepi
332 1509 465 1562 obseruare,
488 1509 555 1565 ecqui
571 1508 684 1556 maiorem
700 1509 764 1556 silius
943 1494 947 1509 ’

244 1594 305 1640 Mihi
320 1595 431 1639 honorem
448 1596 560 1648 haberet,
587 1606 657 1652 quem
673 1595 723 1641 eius
737 1592 851 1642 habuisset
865 1603 941 1651 neten

242 1682 317 1736 ,etque
331 1678 371 1726 isse
387 1692 443 1726 vero
458 1679 536 1724 minus
554 1679 676 1734 minusque
690 1679 817 1733 impendio·

243 1766 345 1816 Curare,
369 1763 493 1819 minusque
509 1776 549 1809 me
563 1766 683 1820 impartire
702 1762 836 1807 honoribus.

243 1846 305 1892 Item
320 1858 334 1891 a
349 1857 388 1891 me
405 1856 484 1892 contra
502 1846 587 1894 fastum
606 1848 653 1894 est:
672 1861 728 1896 nam
744 1850 804 1905 item
819 1847 878 1896 oniie
893 1846 964 1896 diem.

244 1928 268 1975 ss
284 1940 312 1974 ex
327 1928 349 1975 se
364 1930 424 1974 hunc
440 1931 547 1988 reliquie,
570 1931 609 1989 qni
624 1933 662 1979 hic
678 1945 740 1977 nune
756 1933 862 1988 habitae,
882 1932 960 1980 filiun

246 2015 334 2061 Pariter
350 2022 481 2069 moratum,
505 2024 529 2062 vt
547 2027 733 2072 paternumque
752 2017 821 2064 huius
835 2016 887 2065 fuit.

246 2103 305 2148 Huic
319 2100 368 2146 filia
385 2111 431 2146 vnn
447 2099 493 2146 est:
515 2113 543 2146 ea
560 2101 618 2146 mihi
635 2102 720 2148 cotidie

246 2195 292 2235 Aut
309 2198 375 2240 ture,
395 2195 436 2232 aut
451 2185 520 2239 vino,
532 2195 586 2234 „eut
604 2186 676 2246 eliqui
695 2185 784 2244 semper
798 2187 925 2246 supplicet:

246 2274 293 2320 Dat
308 2273 366 2318 mihi
383 2274 485 2318 coronae.
514 2271 564 2318 eius
579 2273 674 2318 honoris
691 2273 765 2331 gratia
847 2283 849 2290 ’

247 2361 315 2413 Feci,
339 2359 471 2404 thesaurum
492 2365 517 2404 vt
537 2357 575 2402 hic
592 2356 705 2412 reperiret
721 2358 818 2410 Euclio,

247 2446 299 2497 Qun
315 2458 367 2490 eam
384 2442 474 2488 facilius
492 2453 604 2499 nuptum,
626 2441 644 2488 sn
662 2443 747 2494 vellet,
771 2444 844 2490 duee.

248 2531 310 2575 Nam
325 2527 456 2589 compressu
475 2542 526 2575 eam
544 2530 572 2576 de
589 2528 681 2576 summo
697 2527 826 2574 adolescens
839 2529 898 2574 loeo.

248 2615 271 2661 ss
286 2614 327 2660 scit
345 2613 475 2661 adolescens
490 2627 548 2674 quae
566 2615 607 2668 fit,
628 2626 698 2673 qnam
713 2611 882 2670 eomprefl'en’e:

247 2700 292 2746 Illa
307 2699 373 2743 inum
387 2698 471 2752 nescit,
492 2700 566 2758 deque
583 2699 829 2759 compressam,autem
844 2706 917 2754 pater.

249 2786 307 2831 Eam
323 2797 365 2843 ego
381 2785 448 2830 hodie
464 2784 561 2840 faciam,
583 2796 609 2834 vt
628 2788 666 2832 hie
680 2787 749 2833 senex
772 2786 802 2830 de
818 2769 926 2841 proximo

232 2922 236 2939 Ι
250 2872 298 2918 Sibi
314 2883 410 2916 uxorem
426 2869 508 2923 poscat.
537 2870 560 2920 id
576 2884 602 2917 ea
618 2871 700 2918 seciam
717 2869 804 2927 gratia,

228 2979 231 2985 ·
251 2956 357 3012 Quosne
372 2967 423 3000 eam
438 2951 627 3008 sandidedum,
650 2959 689 3010 qus
705 2951 874 3011 compresserat.

252 3042 281 3088 Et
295 3040 348 3093 hie,
372 3039 417 3096 qui·
427 3039 502 3094 poscet
518 3053 569 3086 eam
586 3040 627 3085 fibi
642 3053 738 3087 vxorem
754 3040 839 3095 senex,

192 3180 200 3195 .
252 3129 275 3173 se
295 3125 443 3172 adolescentis
458 3125 520 3168 illius
539 3123 570 3169 est
589 3125 731 3178 auunculus,
841 3113 844 3118 ¹

251 3212 296 3267 Qui
313 3211 377 3256 islam
395 3209 507 3266 stuprauit
523 3210 604 3262 nossu,
627 3210 717 3255 Cereris
733 3204 824 3268 vig⁴liin

251 3300 296 3347 Sed
311 3298 349 3344 hie
369 3303 436 3342 senex
452 3297 499 3340 iam
516 3294 601 3340 clemen
616 3293 694 3347 intus,
718 3304 743 3340 vt
757 3293 820 3342 snset.

254 3387 330 3430 dnum
345 3383 406 3429 foras
425 3380 540 3433 extrudit.
565 3378 636 3512 ne?
652 3382 747 3428 conscia.

254 3468 328 3516 Credo
344 3459 427 3515 aurum
441 3465 552 3524 inspicere
569 3479 598 3514 vo
608 3475 633 3519 e,
654 3481 686 3516 ne
702 3467 832 3523 surreptum
844 3461 894 3514 sset-

700 3696 762 3748 le
