<?xml version="1.0" encoding="UTF-8"?>
<!DOCTYPE html PUBLIC "-//W3C//DTD XHTML 1.0 Transitional//EN"
    "http://www.w3.org/TR/xhtml1/DTD/xhtml1-transitional.dtd">
<html xmlns="http://www.w3.org/1999/xhtml" xml:lang="en" lang="en">
 <head>
  <title>
</title>
<meta http-equiv="Content-Type" content="text/html;charset=utf-8" />
  <meta name='ocr-system' content='tesseract 3.04.00' />
  <meta name='ocr-capabilities' content='ocr_page ocr_carea ocr_par ocr_line ocrx_word'/>
</head>
<body>
  <div class='ocr_page' id='page_1' title='image "./macciiplavticom01conggoog_0184.png"; bbox 0 0 2767 4384; ppageno 0'>
   <div class='ocr_carea' id='block_1_1' title="bbox 256 375 883 453">
    <p class='ocr_par' dir='ltr' id='par_1_1' title="bbox 256 375 883 453">
     <span class='ocr_line' id='line_1_1' title="bbox 256 375 883 453; baseline 0.002 -9"><span class='ocrx_word' id='word_1_1' title='bbox 256 375 322 453; x_wconf 86' lang='lat'>168</span> <span class='ocrx_word' id='word_1_2' title='bbox 483 391 526 442; x_wconf 83' lang='lat' dir='ltr'>n.</span> <span class='ocrx_word' id='word_1_3' title='bbox 550 390 678 443; x_wconf 78' lang='lat' dir='ltr'>nccrr</span> <span class='ocrx_word' id='word_1_4' title='bbox 703 390 883 445; x_wconf 74' lang='lat' dir='ltr'>rcnvur</span> 
     </span>
    </p>
   </div>
   <div class='ocr_carea' id='block_1_2' title="bbox 250 531 1141 2955">
    <p class='ocr_par' dir='ltr' id='par_1_2' title="bbox 251 531 929 592">
     <span class='ocr_line' id='line_1_2' title="bbox 251 531 929 592; baseline 0.001 -12"><span class='ocrx_word' id='word_1_5' title='bbox 251 534 282 580; x_wconf 84' lang='lat' dir='ltr'>Et</span> <span class='ocrx_word' id='word_1_6' title='bbox 299 533 393 592; x_wconf 89' lang='lat' dir='ltr'>quidem</span> <span class='ocrx_word' id='word_1_7' title='bbox 410 531 493 589; x_wconf 82' lang='lat' dir='ltr'>reliqui</span> <span class='ocrx_word' id='word_1_8' title='bbox 508 531 532 576; x_wconf 89' lang='lat' dir='ltr'>in</span> <span class='ocrx_word' id='word_1_9' title='bbox 546 541 626 578; x_wconf 85' lang='lat' dir='ltr'>ventre</span> <span class='ocrx_word' id='word_1_10' title='bbox 643 532 879 587; x_wconf 60' lang='lat' dir='ltr'>collaetandum,</span> <span class='ocrx_word' id='word_1_11' title='bbox 927 556 929 563; x_wconf 95' lang='lat'>·</span> 
     </span>
    </p>

    <p class='ocr_par' dir='ltr' id='par_1_3' title="bbox 250 617 759 681">
     <span class='ocr_line' id='line_1_3' title="bbox 250 617 759 681; baseline -0.006 -15"><span class='ocrx_word' id='word_1_12' title='bbox 250 620 298 666; x_wconf 87' lang='lat' dir='ltr'>Vbi</span> <span class='ocrx_word' id='word_1_13' title='bbox 313 619 464 674; x_wconf 88' lang='lat' dir='ltr'>reliquiarum</span> <span class='ocrx_word' id='word_1_14' title='bbox 478 617 586 672; x_wconf 83' lang='lat' dir='ltr'>reliquias</span> <span class='ocrx_word' id='word_1_15' title='bbox 602 620 759 681; x_wconf 84' lang='lat' dir='ltr'>reconderem.</span> 
     </span>
    </p>

    <p class='ocr_par' dir='ltr' id='par_1_4' title="bbox 251 700 853 760">
     <span class='ocr_line' id='line_1_4' title="bbox 251 700 853 760; baseline -0.003 -10"><span class='ocrx_word' id='word_1_16' title='bbox 251 705 308 759; x_wconf 84' lang='lat' dir='ltr'>Quis</span> <span class='ocrx_word' id='word_1_17' title='bbox 323 705 360 751; x_wconf 89' lang='lat' dir='ltr'>hic</span> <span class='ocrx_word' id='word_1_18' title='bbox 377 702 422 754; x_wconf 84' lang='lat' dir='ltr'>est,</span> <span class='ocrx_word' id='word_1_19' title='bbox 446 702 492 760; x_wconf 42' lang='lat' dir='ltr'>qni·</span> <span class='ocrx_word' id='word_1_20' title='bbox 505 712 585 757; x_wconf 93' lang='lat' dir='ltr'>operto</span> <span class='ocrx_word' id='word_1_21' title='bbox 602 701 677 757; x_wconf 88' lang='lat' dir='ltr'>capite</span> <span class='ocrx_word' id='word_1_22' title='bbox 692 700 853 757; x_wconf 75' lang='lat' dir='ltr'><strong>Aesculapium</strong></span> 
     </span>
    </p>

    <p class='ocr_par' dir='ltr' id='par_1_5' title="bbox 252 784 898 842">
     <span class='ocr_line' id='line_1_5' title="bbox 252 784 898 842; baseline -0.003 -9"><span class='ocrx_word' id='word_1_23' title='bbox 252 789 360 837; x_wconf 77' lang='lat' dir='ltr'>Salutat?</span> <span class='ocrx_word' id='word_1_24' title='bbox 383 788 455 831; x_wconf 87' lang='lat' dir='ltr'>attat!</span> <span class='ocrx_word' id='word_1_25' title='bbox 477 797 545 842; x_wconf 89' lang='lat' dir='ltr'>quem</span> <span class='ocrx_word' id='word_1_26' title='bbox 565 787 719 842; x_wconf 77' lang='lat' dir='ltr'>quaerebam:</span> <span class='ocrx_word' id='word_1_27' title='bbox 741 784 834 841; x_wconf 76' lang='lat' dir='ltr'>sequere</span> <span class='ocrx_word' id='word_1_28' title='bbox 849 796 898 831; x_wconf 83' lang='lat' dir='ltr'>me.</span> 
     </span>
    </p>

    <p class='ocr_par' dir='ltr' id='par_1_6' title="bbox 252 867 973 926">
     <span class='ocr_line' id='line_1_6' title="bbox 252 867 973 926; baseline -0.007 -8"><span class='ocrx_word' id='word_1_29' title='bbox 252 871 387 924; x_wconf 77' lang='lat' dir='ltr'><strong>simulabo,</strong></span> <span class='ocrx_word' id='word_1_30' title='bbox 410 869 472 926; x_wconf 80' lang='lat' dir='ltr'>quasi</span> <span class='ocrx_word' id='word_1_31' title='bbox 486 887 534 918; x_wconf 89' lang='lat' dir='ltr'>non</span> <span class='ocrx_word' id='word_1_32' title='bbox 548 871 661 918; x_wconf 88' lang='lat' dir='ltr'>nouerim.</span> <span class='ocrx_word' id='word_1_33' title='bbox 690 872 748 916; x_wconf 83' lang='lat' dir='ltr'>heus</span> <span class='ocrx_word' id='word_1_34' title='bbox 762 871 848 915; x_wconf 85' lang='lat' dir='ltr'>tu!·te</span> <span class='ocrx_word' id='word_1_35' title='bbox 866 867 930 915; x_wconf 86' lang='lat' dir='ltr'>volo.</span> <span class='ocrx_word' id='word_1_36' title='bbox 969 896 973 907; x_wconf 88' lang='lat'><em>·</em></span> 
     </span>
    </p>

    <p class='ocr_par' dir='ltr' id='par_1_7' title="bbox 252 942 957 1012">
     <span class='ocr_line' id='line_1_7' title="bbox 252 942 957 1012; baseline 0.001 -12"><span class='ocrx_word' id='word_1_37' title='bbox 252 958 312 1012; x_wconf 82' lang='lat' dir='ltr'>Lyco.</span> <span class='ocrx_word' id='word_1_38' title='bbox 343 955 447 1001; x_wconf 84' lang='lat' dir='ltr'>Vnocule</span> <span class='ocrx_word' id='word_1_39' title='bbox 462 953 530 1002; x_wconf 87' lang='lat' dir='ltr'>salue.</span> <span class='ocrx_word' id='word_1_40' title='bbox 562 959 618 1002; x_wconf 77' lang='lat' dir='ltr'>suec.</span> <span class='ocrx_word' id='word_1_41' title='bbox 633 955 733 1011; x_wconf 83' lang='lat' dir='ltr'>quaeso,</span> <span class='ocrx_word' id='word_1_42' title='bbox 751 954 872 1000; x_wconf 80' lang='lat' dir='ltr'>deridesne</span> <span class='ocrx_word' id='word_1_43' title='bbox 890 942 957 1001; x_wconf 70' lang='lat' dir='ltr'>me&#39;?</span> 
     </span>
    </p>

    <p class='ocr_par' dir='ltr' id='par_1_8' title="bbox 252 1037 853 1097">
     <span class='ocr_line' id='line_1_8' title="bbox 252 1037 853 1097; baseline -0.008 -11"><span class='ocrx_word' id='word_1_44' title='bbox 252 1042 312 1096; x_wconf 83' lang='lat' dir='ltr'>Lyco.</span> <span class='ocrx_word' id='word_1_45' title='bbox 341 1041 377 1085; x_wconf 87' lang='lat' dir='ltr'>De</span> <span class='ocrx_word' id='word_1_46' title='bbox 393 1039 507 1086; x_wconf 82' lang='lat' dir='ltr'>Coclitum</span> <span class='ocrx_word' id='word_1_47' title='bbox 523 1041 628 1097; x_wconf 87' lang='lat' dir='ltr'>prosapia</span> <span class='ocrx_word' id='word_1_48' title='bbox 642 1048 665 1086; x_wconf 92' lang='lat' dir='ltr'>te</span> <span class='ocrx_word' id='word_1_49' title='bbox 679 1038 724 1085; x_wconf 83' lang='lat' dir='ltr'>else</span> <span class='ocrx_word' id='word_1_50' title='bbox 740 1037 853 1084; x_wconf 84' lang='lat' dir='ltr'>arbitror:</span> 
     </span>
    </p>

    <p class='ocr_par' dir='ltr' id='par_1_9' title="bbox 252 1118 1040 1176">
     <span class='ocr_line' id='line_1_9' title="bbox 252 1118 1040 1176; baseline -0.01 -3"><span class='ocrx_word' id='word_1_51' title='bbox 252 1127 313 1173; x_wconf 86' lang='lat' dir='ltr'>Nam</span> <span class='ocrx_word' id='word_1_52' title='bbox 329 1125 345 1169; x_wconf 89' lang='lat' dir='ltr'>ii</span> <span class='ocrx_word' id='word_1_53' title='bbox 361 1123 414 1170; x_wconf 85' lang='lat' dir='ltr'>sum</span> <span class='ocrx_word' id='word_1_54' title='bbox 431 1125 530 1171; x_wconf 87' lang='lat' dir='ltr'>vnoculi.</span> <span class='ocrx_word' id='word_1_55' title='bbox 561 1126 618 1171; x_wconf 80' lang='lat' dir='ltr'>Cure.</span> <span class='ocrx_word' id='word_1_56' title='bbox 639 1121 756 1176; x_wconf 76' lang='lat' dir='ltr'>catapulta</span> <span class='ocrx_word' id='word_1_57' title='bbox 769 1121 813 1166; x_wconf 90' lang='lat' dir='ltr'>hoc</span> <span class='ocrx_word' id='word_1_58' title='bbox 828 1119 901 1165; x_wconf 71' lang='lat' dir='ltr'>idum</span> <span class='ocrx_word' id='word_1_59' title='bbox 919 1118 958 1169; x_wconf 78' lang='lat' dir='ltr'>est</span> <span class='ocrx_word' id='word_1_60' title='bbox 973 1120 1040 1171; x_wconf 78' lang='lat' dir='ltr'>milri</span> 
     </span>
    </p>

    <p class='ocr_par' dir='ltr' id='par_1_10' title="bbox 250 1201 1130 1351">
     <span class='ocr_line' id='line_1_10' title="bbox 250 1201 1130 1267; baseline -0.014 -10"><span class='ocrx_word' id='word_1_61' title='bbox 250 1211 318 1267; x_wconf 81' lang='lat' dir='ltr'>apuu</span> <span class='ocrx_word' id='word_1_62' title='bbox 334 1208 463 1266; x_wconf 78' lang='lat' dir='ltr'>Sicyonem.</span> <span class='ocrx_word' id='word_1_63' title='bbox 494 1211 553 1265; x_wconf 75' lang='lat' dir='ltr'>Lyco.</span> <span class='ocrx_word' id='word_1_64' title='bbox 576 1222 645 1261; x_wconf 91' lang='lat' dir='ltr'>nam,</span> <span class='ocrx_word' id='word_1_65' title='bbox 662 1206 719 1263; x_wconf 88' lang='lat' dir='ltr'>quid</span> <span class='ocrx_word' id='word_1_66' title='bbox 732 1206 757 1250; x_wconf 93' lang='lat' dir='ltr'>id</span> <span class='ocrx_word' id='word_1_67' title='bbox 773 1201 843 1250; x_wconf 83' lang='lat' dir='ltr'>refert</span> <span class='ocrx_word' id='word_1_68' title='bbox 857 1214 932 1257; x_wconf 85' lang='lat' dir='ltr'>mea;</span> <span class='ocrx_word' id='word_1_69' title='bbox 1106 1219 1130 1263; x_wconf 61' lang='grc' dir='ltr'>,ς</span> 
     </span>
     <span class='ocr_line' id='line_1_11' title="bbox 252 1286 802 1351; baseline -0.018 -9"><span class='ocrx_word' id='word_1_70' title='bbox 252 1298 287 1342; x_wconf 80' lang='lat' dir='ltr'>nn</span> <span class='ocrx_word' id='word_1_71' title='bbox 306 1296 359 1340; x_wconf 91' lang='lat' dir='ltr'>aula</span> <span class='ocrx_word' id='word_1_72' title='bbox 373 1293 451 1351; x_wconf 83' lang='lat' dir='ltr'>quassa</span> <span class='ocrx_word' id='word_1_73' title='bbox 468 1306 521 1337; x_wconf 91' lang='lat' dir='ltr'>cnm</span> <span class='ocrx_word' id='word_1_74' title='bbox 539 1292 614 1338; x_wconf 89' lang='lat' dir='ltr'>cinere</span> <span class='ocrx_word' id='word_1_75' title='bbox 631 1286 724 1336; x_wconf 82' lang='lat' dir='ltr'>effossus</span> <span class='ocrx_word' id='word_1_76' title='bbox 739 1286 802 1333; x_wconf 76' lang='lat' dir='ltr'>stet?</span> 
     </span>
    </p>

    <p class='ocr_par' dir='ltr' id='par_1_11' title="bbox 254 1369 960 1434">
     <span class='ocr_line' id='line_1_12' title="bbox 254 1369 960 1434; baseline -0.006 -10"><span class='ocrx_word' id='word_1_77' title='bbox 254 1381 309 1424; x_wconf 77' lang='lat' dir='ltr'>sure.</span> <span class='ocrx_word' id='word_1_78' title='bbox 339 1376 511 1434; x_wconf 84' lang='lat' dir='ltr'>Superstitiosus</span> <span class='ocrx_word' id='word_1_79' title='bbox 526 1375 563 1420; x_wconf 91' lang='lat' dir='ltr'>hic</span> <span class='ocrx_word' id='word_1_80' title='bbox 579 1374 673 1430; x_wconf 87' lang='lat' dir='ltr'>quidem</span> <span class='ocrx_word' id='word_1_81' title='bbox 686 1371 734 1418; x_wconf 82' lang='lat' dir='ltr'>est:</span> <span class='ocrx_word' id='word_1_82' title='bbox 759 1384 814 1418; x_wconf 85' lang='lat' dir='ltr'>vera</span> <span class='ocrx_word' id='word_1_83' title='bbox 828 1369 960 1427; x_wconf 74' lang='lat' dir='ltr'>praeunte.</span> 
     </span>
    </p>

    <p class='ocr_par' dir='ltr' id='par_1_12' title="bbox 251 1457 894 1518">
     <span class='ocr_line' id='line_1_13' title="bbox 251 1457 894 1518; baseline -0.016 -8"><span class='ocrx_word' id='word_1_84' title='bbox 251 1464 313 1510; x_wconf 88' lang='lat' dir='ltr'>Nam</span> <span class='ocrx_word' id='word_1_85' title='bbox 329 1463 396 1509; x_wconf 87' lang='lat' dir='ltr'>illaec</span> <span class='ocrx_word' id='word_1_86' title='bbox 411 1462 540 1518; x_wconf 80' lang='lat' dir='ltr'>catapultae</span> <span class='ocrx_word' id='word_1_87' title='bbox 555 1461 585 1505; x_wconf 89' lang='lat' dir='ltr'>ad</span> <span class='ocrx_word' id='word_1_88' title='bbox 601 1472 639 1505; x_wconf 87' lang='lat' dir='ltr'>me</span> <span class='ocrx_word' id='word_1_89' title='bbox 656 1457 737 1503; x_wconf 86' lang='lat' dir='ltr'>crebro</span> <span class='ocrx_word' id='word_1_90' title='bbox 752 1464 894 1503; x_wconf 82' lang='lat' dir='ltr'>commeant.</span> 
     </span>
    </p>

    <p class='ocr_par' dir='ltr' id='par_1_13' title="bbox 251 1539 871 1599">
     <span class='ocr_line' id='line_1_14' title="bbox 251 1539 871 1599; baseline -0.016 -5"><span class='ocrx_word' id='word_1_91' title='bbox 251 1544 404 1598; x_wconf 80' lang='lat' dir='ltr'>Adolescens,</span> <span class='ocrx_word' id='word_1_92' title='bbox 428 1545 457 1590; x_wconf 94' lang='lat' dir='ltr'>ob</span> <span class='ocrx_word' id='word_1_93' title='bbox 476 1543 653 1599; x_wconf 88' lang='lat' dir='ltr'>Rempublicam</span> <span class='ocrx_word' id='word_1_94' title='bbox 671 1542 716 1586; x_wconf 89' lang='lat' dir='ltr'>hoc</span> <span class='ocrx_word' id='word_1_95' title='bbox 730 1540 793 1586; x_wconf 87' lang='lat' dir='ltr'>intus</span> <span class='ocrx_word' id='word_1_96' title='bbox 811 1539 871 1584; x_wconf 85' lang='lat' dir='ltr'>milri</span> 
     </span>
    </p>

    <p class='ocr_par' dir='ltr' id='par_1_14' title="bbox 253 1623 1129 1768">
     <span class='ocr_line' id='line_1_15' title="bbox 253 1623 1129 1685; baseline -0.008 -11"><span class='ocrx_word' id='word_1_97' title='bbox 253 1630 319 1682; x_wconf 88' lang='lat' dir='ltr'>Quod</span> <span class='ocrx_word' id='word_1_98' title='bbox 336 1628 423 1685; x_wconf 81' lang='lat' dir='ltr'>infigne</span> <span class='ocrx_word' id='word_1_99' title='bbox 439 1628 529 1681; x_wconf 89' lang='lat' dir='ltr'>habeo,</span> <span class='ocrx_word' id='word_1_100' title='bbox 545 1626 642 1682; x_wconf 82' lang='lat' dir='ltr'>quaeso,</span> <span class='ocrx_word' id='word_1_101' title='bbox 665 1638 748 1672; x_wconf 84' lang='lat' dir='ltr'>neme</span> <span class='ocrx_word' id='word_1_102' title='bbox 764 1623 909 1671; x_wconf 72' lang='lat' dir='ltr'>incomitiesn</span> <span class='ocrx_word' id='word_1_103' title='bbox 1100 1635 1129 1684; x_wconf 55' lang='grc' dir='ltr'>,ο</span> 
     </span>
     <span class='ocr_line' id='line_1_16' title="bbox 253 1708 919 1768; baseline -0.005 -11"><span class='ocrx_word' id='word_1_104' title='bbox 253 1714 312 1768; x_wconf 79' lang='lat' dir='ltr'>Lyco.</span> <span class='ocrx_word' id='word_1_105' title='bbox 341 1712 434 1758; x_wconf 77' lang='lat' dir='ltr'>Licetne</span> <span class='ocrx_word' id='word_1_106' title='bbox 451 1712 566 1764; x_wconf 85' lang='lat' dir='ltr'>inforare,</span> <span class='ocrx_word' id='word_1_107' title='bbox 587 1709 604 1755; x_wconf 83' lang='lat' dir='ltr'>li</span> <span class='ocrx_word' id='word_1_108' title='bbox 618 1709 764 1758; x_wconf 85' lang='lat' dir='ltr'>incomitiare</span> <span class='ocrx_word' id='word_1_109' title='bbox 779 1722 826 1756; x_wconf 88' lang='lat' dir='ltr'>non</span> <span class='ocrx_word' id='word_1_110' title='bbox 842 1708 919 1756; x_wconf 74' lang='lat' dir='ltr'>licet?</span> 
     </span>
    </p>

    <p class='ocr_par' dir='ltr' id='par_1_15' title="bbox 254 1793 951 1852">
     <span class='ocr_line' id='line_1_17' title="bbox 254 1793 951 1852; baseline 0 -10"><span class='ocrx_word' id='word_1_111' title='bbox 254 1800 311 1842; x_wconf 74' lang='lat' dir='ltr'>cure.</span> <span class='ocrx_word' id='word_1_112' title='bbox 341 1799 393 1844; x_wconf 90' lang='lat' dir='ltr'>Non</span> <span class='ocrx_word' id='word_1_113' title='bbox 409 1796 519 1843; x_wconf 81' lang='lat' dir='ltr'>inforabis</span> <span class='ocrx_word' id='word_1_114' title='bbox 533 1809 571 1841; x_wconf 91' lang='lat' dir='ltr'>me</span> <span class='ocrx_word' id='word_1_115' title='bbox 586 1795 695 1852; x_wconf 89' lang='lat' dir='ltr'>quidem:</span> <span class='ocrx_word' id='word_1_116' title='bbox 719 1806 762 1841; x_wconf 92' lang='lat' dir='ltr'>nec</span> <span class='ocrx_word' id='word_1_117' title='bbox 778 1793 837 1839; x_wconf 88' lang='lat' dir='ltr'>milri</span> <span class='ocrx_word' id='word_1_118' title='bbox 854 1793 951 1849; x_wconf 84' lang='lat' dir='ltr'>placent</span> 
     </span>
    </p>

    <p class='ocr_par' dir='ltr' id='par_1_16' title="bbox 254 1876 830 1938">
     <span class='ocr_line' id='line_1_18' title="bbox 254 1876 830 1938; baseline -0.012 -10"><span class='ocrx_word' id='word_1_119' title='bbox 254 1883 336 1928; x_wconf 91' lang='lat' dir='ltr'>Tuum</span> <span class='ocrx_word' id='word_1_120' title='bbox 354 1883 454 1938; x_wconf 74' lang='lat' dir='ltr'>profecto</span> <span class='ocrx_word' id='word_1_121' title='bbox 470 1893 512 1927; x_wconf 89' lang='lat' dir='ltr'>nec</span> <span class='ocrx_word' id='word_1_122' title='bbox 526 1879 620 1934; x_wconf 87' lang='lat' dir='ltr'>forum,</span> <span class='ocrx_word' id='word_1_123' title='bbox 644 1891 686 1925; x_wconf 85' lang='lat' dir='ltr'>nec</span> <span class='ocrx_word' id='word_1_124' title='bbox 702 1876 830 1923; x_wconf 88' lang='lat' dir='ltr'>comitium.</span> 
     </span>
    </p>

    <p class='ocr_par' dir='ltr' id='par_1_17' title="bbox 254 1960 924 2020">
     <span class='ocr_line' id='line_1_19' title="bbox 254 1960 924 2020; baseline 0 -12"><span class='ocrx_word' id='word_1_125' title='bbox 254 1965 299 2009; x_wconf 86' lang='lat' dir='ltr'>Sed</span> <span class='ocrx_word' id='word_1_126' title='bbox 314 1967 390 2017; x_wconf 81' lang='lat' dir='ltr'>lturrc,</span> <span class='ocrx_word' id='word_1_127' title='bbox 409 1977 478 2020; x_wconf 87' lang='lat' dir='ltr'>quem</span> <span class='ocrx_word' id='word_1_128' title='bbox 495 1975 596 2019; x_wconf 83' lang='lat' dir='ltr'>quaero,</span> <span class='ocrx_word' id='word_1_129' title='bbox 614 1960 793 2009; x_wconf 83' lang='lat' dir='ltr'>commonstrare</span> <span class='ocrx_word' id='word_1_130' title='bbox 809 1960 826 2006; x_wconf 86' lang='lat' dir='ltr'>sr</span> <span class='ocrx_word' id='word_1_131' title='bbox 840 1967 924 2020; x_wconf 83' lang='lat' dir='ltr'>potes,</span> 
     </span>
    </p>

    <p class='ocr_par' dir='ltr' id='par_1_18' title="bbox 254 2046 810 2104">
     <span class='ocr_line' id='line_1_20' title="bbox 254 2046 810 2104; baseline -0.005 -11"><span class='ocrx_word' id='word_1_132' title='bbox 254 2047 327 2093; x_wconf 88' lang='lat' dir='ltr'>Inibis</span> <span class='ocrx_word' id='word_1_133' title='bbox 343 2061 356 2092; x_wconf 89' lang='lat' dir='ltr'>a</span> <span class='ocrx_word' id='word_1_134' title='bbox 371 2061 409 2092; x_wconf 93' lang='lat' dir='ltr'>me</span> <span class='ocrx_word' id='word_1_135' title='bbox 425 2047 520 2094; x_wconf 89' lang='lat' dir='ltr'>solidam</span> <span class='ocrx_word' id='word_1_136' title='bbox 536 2056 559 2094; x_wconf 87' lang='lat' dir='ltr'>et</span> <span class='ocrx_word' id='word_1_137' title='bbox 576 2049 688 2104; x_wconf 82' lang='lat' dir='ltr'>grandem</span> <span class='ocrx_word' id='word_1_138' title='bbox 703 2046 810 2102; x_wconf 78' lang='lat' dir='ltr'>gratiam.</span> 
     </span>
    </p>

    <p class='ocr_par' dir='ltr' id='par_1_19' title="bbox 254 2132 872 2192">
     <span class='ocr_line' id='line_1_21' title="bbox 254 2132 872 2192; baseline 0 -14"><span class='ocrx_word' id='word_1_139' title='bbox 254 2133 370 2189; x_wconf 83' lang='lat' dir='ltr'>Lyconem</span> <span class='ocrx_word' id='word_1_140' title='bbox 390 2145 474 2189; x_wconf 86' lang='lat' dir='ltr'>quaero</span> <span class='ocrx_word' id='word_1_141' title='bbox 489 2134 632 2190; x_wconf 86' lang='lat' dir='ltr'>trapezitam.</span> <span class='ocrx_word' id='word_1_142' title='bbox 663 2136 722 2192; x_wconf 80' lang='lat' dir='ltr'>Lyce.</span> <span class='ocrx_word' id='word_1_143' title='bbox 740 2134 778 2179; x_wconf 91' lang='lat' dir='ltr'>dic</span> <span class='ocrx_word' id='word_1_144' title='bbox 797 2132 872 2189; x_wconf 87' lang='lat' dir='ltr'>mihi,</span> 
     </span>
    </p>

    <p class='ocr_par' dir='ltr' id='par_1_20' title="bbox 255 2216 985 2276">
     <span class='ocr_line' id='line_1_22' title="bbox 255 2216 985 2276; baseline 0.01 -15"><span class='ocrx_word' id='word_1_145' title='bbox 255 2217 316 2270; x_wconf 85' lang='lat' dir='ltr'>Quid</span> <span class='ocrx_word' id='word_1_146' title='bbox 332 2231 385 2262; x_wconf 90' lang='lat' dir='ltr'>eum</span> <span class='ocrx_word' id='word_1_147' title='bbox 402 2230 463 2265; x_wconf 88' lang='lat' dir='ltr'>nunc</span> <span class='ocrx_word' id='word_1_148' title='bbox 477 2220 586 2276; x_wconf 78' lang='lat' dir='ltr'>quaeris?</span> <span class='ocrx_word' id='word_1_149' title='bbox 612 2228 652 2265; x_wconf 89' lang='lat' dir='ltr'>aut</span> <span class='ocrx_word' id='word_1_150' title='bbox 666 2218 766 2265; x_wconf 73' lang='lat' dir='ltr'>cuiatis?</span> <span class='ocrx_word' id='word_1_151' title='bbox 796 2219 853 2263; x_wconf 78' lang='lat' dir='ltr'>cure.</span> <span class='ocrx_word' id='word_1_152' title='bbox 876 2216 985 2276; x_wconf 76' lang='lat' dir='ltr'>eloquar.</span> 
     </span>
    </p>

    <p class='ocr_par' dir='ltr' id='par_1_21' title="bbox 255 2298 776 2361">
     <span class='ocr_line' id='line_1_23' title="bbox 255 2298 776 2361; baseline 0.002 -13"><span class='ocrx_word' id='word_1_153' title='bbox 255 2298 290 2348; x_wconf 82' lang='lat' dir='ltr'>Ab</span> <span class='ocrx_word' id='word_1_154' title='bbox 308 2301 515 2358; x_wconf 78' lang='lat' dir='ltr'>Therapontigono</span> <span class='ocrx_word' id='word_1_155' title='bbox 531 2304 677 2361; x_wconf 80' lang='lat' dir='ltr'>Platagidoro</span> <span class='ocrx_word' id='word_1_156' title='bbox 693 2302 776 2349; x_wconf 87' lang='lat' dir='ltr'>milite.</span> 
     </span>
    </p>

    <p class='ocr_par' dir='ltr' id='par_1_22' title="bbox 257 2384 983 2447">
     <span class='ocr_line' id='line_1_24' title="bbox 257 2384 983 2447; baseline 0.011 -19"><span class='ocrx_word' id='word_1_157' title='bbox 257 2386 316 2440; x_wconf 82' lang='lat' dir='ltr'>Lyco.</span> <span class='ocrx_word' id='word_1_158' title='bbox 348 2387 408 2431; x_wconf 84' lang='lat' dir='ltr'>Noni</span> <span class='ocrx_word' id='word_1_159' title='bbox 425 2387 516 2442; x_wconf 82' lang='lat' dir='ltr'>edepol·</span> <span class='ocrx_word' id='word_1_160' title='bbox 526 2400 628 2433; x_wconf 87' lang='lat' dir='ltr'>nomen:</span> <span class='ocrx_word' id='word_1_161' title='bbox 650 2399 705 2435; x_wconf 88' lang='lat' dir='ltr'>nam</span> <span class='ocrx_word' id='word_1_162' title='bbox 721 2384 781 2435; x_wconf 87' lang='lat' dir='ltr'>nrlhi</span> <span class='ocrx_word' id='word_1_163' title='bbox 795 2384 851 2431; x_wconf 80' lang='lat' dir='ltr'>illoc</span> <span class='ocrx_word' id='word_1_164' title='bbox 865 2387 983 2447; x_wconf 77' lang='lat' dir='ltr'>nonunt,</span> 
     </span>
    </p>

    <p class='ocr_par' dir='ltr' id='par_1_23' title="bbox 256 2471 1141 2618">
     <span class='ocr_line' id='line_1_25' title="bbox 256 2471 1141 2535; baseline 0.001 -17"><span class='ocrx_word' id='word_1_165' title='bbox 256 2473 320 2518; x_wconf 88' lang='lat' dir='ltr'>Dum</span> <span class='ocrx_word' id='word_1_166' title='bbox 337 2471 424 2525; x_wconf 86' lang='lat' dir='ltr'>scribo,</span> <span class='ocrx_word' id='word_1_167' title='bbox 443 2471 534 2528; x_wconf 82' lang='lat' dir='ltr'>expleui</span> <span class='ocrx_word' id='word_1_168' title='bbox 553 2480 612 2518; x_wconf 85' lang='lat' dir='ltr'>totas</span> <span class='ocrx_word' id='word_1_169' title='bbox 628 2483 691 2518; x_wconf 85' lang='lat' dir='ltr'>ceras</span> <span class='ocrx_word' id='word_1_170' title='bbox 705 2481 811 2530; x_wconf 88' lang='lat' dir='ltr'>quatuor.</span> <span class='ocrx_word' id='word_1_171' title='bbox 1111 2486 1141 2535; x_wconf 68' lang='grc' dir='ltr'>4ο</span> 
     </span>
     <span class='ocr_line' id='line_1_26' title="bbox 257 2558 1012 2618; baseline -0.004 -12"><span class='ocrx_word' id='word_1_172' title='bbox 257 2559 302 2606; x_wconf 87' lang='lat' dir='ltr'>Sed</span> <span class='ocrx_word' id='word_1_173' title='bbox 319 2559 374 2616; x_wconf 86' lang='lat' dir='ltr'>quid</span> <span class='ocrx_word' id='word_1_174' title='bbox 389 2560 504 2616; x_wconf 82' lang='lat' dir='ltr'>Lyconem</span> <span class='ocrx_word' id='word_1_175' title='bbox 521 2559 611 2615; x_wconf 89' lang='lat' dir='ltr'>quaeris</span> <span class='ocrx_word' id='word_1_176' title='bbox 618 2562 636 2605; x_wconf 69' lang='grc' dir='ltr'>ἵ·</span> <span class='ocrx_word' id='word_1_177' title='bbox 661 2560 718 2607; x_wconf 80' lang='lat' dir='ltr'>Cute.</span> <span class='ocrx_word' id='word_1_178' title='bbox 733 2560 870 2608; x_wconf 83' lang='lat' dir='ltr'>mandatum</span> <span class='ocrx_word' id='word_1_179' title='bbox 888 2558 913 2604; x_wconf 81' lang='lat' dir='ltr'>’il</span> <span class='ocrx_word' id='word_1_180' title='bbox 929 2560 1012 2618; x_wconf 69' lang='lat' dir='ltr'>mihi,</span> 
     </span>
    </p>

    <p class='ocr_par' dir='ltr' id='par_1_24' title="bbox 257 2643 1030 2703">
     <span class='ocr_line' id='line_1_27' title="bbox 257 2643 1030 2703; baseline 0.003 -13"><span class='ocrx_word' id='word_1_181' title='bbox 257 2644 290 2691; x_wconf 91' lang='lat' dir='ltr'>Vt</span> <span class='ocrx_word' id='word_1_182' title='bbox 304 2644 346 2688; x_wconf 86' lang='lat' dir='ltr'>has</span> <span class='ocrx_word' id='word_1_183' title='bbox 361 2644 457 2689; x_wconf 81' lang='lat' dir='ltr'>tabellas</span> <span class='ocrx_word' id='word_1_184' title='bbox 472 2645 501 2689; x_wconf 89' lang='lat' dir='ltr'>ad</span> <span class='ocrx_word' id='word_1_185' title='bbox 516 2656 570 2689; x_wconf 89' lang='lat' dir='ltr'>eum</span> <span class='ocrx_word' id='word_1_186' title='bbox 585 2643 678 2689; x_wconf 84' lang='lat' dir='ltr'>ferrem.</span> <span class='ocrx_word' id='word_1_187' title='bbox 708 2647 768 2701; x_wconf 82' lang='lat' dir='ltr'>Lyco.</span> <span class='ocrx_word' id='word_1_188' title='bbox 783 2645 834 2703; x_wconf 84' lang='lat' dir='ltr'>quis</span> <span class='ocrx_word' id='word_1_189' title='bbox 849 2651 875 2689; x_wconf 89' lang='lat' dir='ltr'>tu</span> <span class='ocrx_word' id='word_1_190' title='bbox 890 2643 962 2689; x_wconf 82' lang='lat' dir='ltr'>nomo</span> <span class='ocrx_word' id='word_1_191' title='bbox 979 2646 1030 2693; x_wconf 75' lang='lat' dir='ltr'>et?</span> 
     </span>
    </p>

    <p class='ocr_par' dir='ltr' id='par_1_25' title="bbox 259 2726 1004 2785">
     <span class='ocr_line' id='line_1_28' title="bbox 259 2726 1004 2785; baseline 0.004 -13"><span class='ocrx_word' id='word_1_192' title='bbox 259 2726 316 2773; x_wconf 80' lang='lat' dir='ltr'>Cure.</span> <span class='ocrx_word' id='word_1_193' title='bbox 345 2727 451 2774; x_wconf 77' lang='lat' dir='ltr'>Libertus</span> <span class='ocrx_word' id='word_1_194' title='bbox 465 2727 544 2781; x_wconf 88' lang='lat' dir='ltr'>illius,</span> <span class='ocrx_word' id='word_1_195' title='bbox 561 2740 631 2785; x_wconf 86' lang='lat' dir='ltr'>quem</span> <span class='ocrx_word' id='word_1_196' title='bbox 648 2726 725 2773; x_wconf 83' lang='lat' dir='ltr'>omnis</span> <span class='ocrx_word' id='word_1_197' title='bbox 740 2729 894 2775; x_wconf 84' lang='lat' dir='ltr'>Summanum</span> <span class='ocrx_word' id='word_1_198' title='bbox 908 2736 1004 2775; x_wconf 86' lang='lat' dir='ltr'>vocant.</span> 
     </span>
    </p>

    <p class='ocr_par' dir='ltr' id='par_1_26' title="bbox 258 2808 978 2871">
     <span class='ocr_line' id='line_1_29' title="bbox 258 2808 978 2871; baseline 0.007 -17"><span class='ocrx_word' id='word_1_199' title='bbox 258 2812 317 2865; x_wconf 83' lang='lat' dir='ltr'>Lyco.</span> <span class='ocrx_word' id='word_1_200' title='bbox 347 2812 488 2866; x_wconf 72' lang='lat' dir='ltr'>Summano,</span> <span class='ocrx_word' id='word_1_201' title='bbox 507 2813 575 2858; x_wconf 89' lang='lat' dir='ltr'>salue.</span> <span class='ocrx_word' id='word_1_202' title='bbox 605 2814 645 2871; x_wconf 84' lang='lat' dir='ltr'>qui</span> <span class='ocrx_word' id='word_1_203' title='bbox 663 2812 824 2863; x_wconf 80' lang='lat' dir='ltr'>Summanus?</span> <span class='ocrx_word' id='word_1_204' title='bbox 847 2808 884 2856; x_wconf 86' lang='lat' dir='ltr'>sac</span> <span class='ocrx_word' id='word_1_205' title='bbox 899 2809 978 2859; x_wconf 82' lang='lat' dir='ltr'>sciam.</span> 
     </span>
    </p>

    <p class='ocr_par' dir='ltr' id='par_1_27' title="bbox 263 2892 1141 2955">
     <span class='ocr_line' id='line_1_30' title="bbox 263 2892 1141 2955; baseline 0.002 -17"><span class='ocrx_word' id='word_1_206' title='bbox 263 2896 320 2940; x_wconf 76' lang='lat' dir='ltr'>Cure.</span> <span class='ocrx_word' id='word_1_207' title='bbox 343 2892 410 2949; x_wconf 66' lang='lat' dir='ltr'>*Quia</span> <span class='ocrx_word' id='word_1_208' title='bbox 424 2895 574 2950; x_wconf 83' lang='lat' dir='ltr'>vestimenta,</span> <span class='ocrx_word' id='word_1_209' title='bbox 596 2897 636 2944; x_wconf 84' lang='lat' dir='ltr'>vbi</span> <span class='ocrx_word' id='word_1_210' title='bbox 651 2897 783 2945; x_wconf 87' lang='lat' dir='ltr'>obdormiui</span> <span class='ocrx_word' id='word_1_211' title='bbox 798 2896 890 2948; x_wconf 78' lang='lat' dir='ltr'>ebrius,</span> <span class='ocrx_word' id='word_1_212' title='bbox 1112 2906 1141 2955; x_wconf 77' lang='lat'>45</span> 
     </span>
    </p>
   </div>
   <div class='ocr_carea' id='block_1_3' title="bbox 258 2970 1144 3640">
    <p class='ocr_par' dir='ltr' id='par_1_28' title="bbox 258 2970 1025 3039">
     <span class='ocr_line' id='line_1_31' title="bbox 258 2970 1025 3039; baseline 0.013 -10"><span class='ocrx_word' id='word_1_213' title='bbox 258 2985 402 3032; x_wconf 85' lang='lat' dir='ltr'>Summano:</span> <span class='ocrx_word' id='word_1_214' title='bbox 425 2989 522 3034; x_wconf 87' lang='lat' dir='ltr'>obeam</span> <span class='ocrx_word' id='word_1_215' title='bbox 539 3002 590 3035; x_wconf 91' lang='lat' dir='ltr'>rem</span> <span class='ocrx_word' id='word_1_216' title='bbox 607 3003 644 3036; x_wconf 87' lang='lat' dir='ltr'>me</span> <span class='ocrx_word' id='word_1_217' title='bbox 663 3002 745 3036; x_wconf 81' lang='lat' dir='ltr'>omnes</span> <span class='ocrx_word' id='word_1_218' title='bbox 760 2970 914 3038; x_wconf 80' lang='lat' dir='ltr'>Summanum</span> <span class='ocrx_word' id='word_1_219' title='bbox 930 2997 1025 3039; x_wconf 80' lang='lat' dir='ltr'>vocant.</span> 
     </span>
    </p>

    <p class='ocr_par' dir='ltr' id='par_1_29' title="bbox 260 3069 914 3131">
     <span class='ocr_line' id='line_1_32' title="bbox 260 3069 914 3131; baseline 0.012 -19"><span class='ocrx_word' id='word_1_220' title='bbox 260 3069 320 3127; x_wconf 75' lang='lat' dir='ltr'>Lyco.</span> <span class='ocrx_word' id='word_1_221' title='bbox 350 3071 412 3116; x_wconf 78' lang='lat' dir='ltr'>Alibi</span> <span class='ocrx_word' id='word_1_222' title='bbox 427 3080 450 3117; x_wconf 90' lang='lat' dir='ltr'>te</span> <span class='ocrx_word' id='word_1_223' title='bbox 468 3072 573 3119; x_wconf 77' lang='lat' dir='ltr'>meliu&#39;lt</span> <span class='ocrx_word' id='word_1_224' title='bbox 587 3085 698 3130; x_wconf 88' lang='lat' dir='ltr'>quaerere</span> <span class='ocrx_word' id='word_1_225' title='bbox 713 3074 838 3131; x_wconf 83' lang='lat' dir='ltr'>hospitium</span> <span class='ocrx_word' id='word_1_226' title='bbox 856 3074 914 3127; x_wconf 85' lang='lat' dir='ltr'>tibi,</span> 
     </span>
    </p>

    <p class='ocr_par' dir='ltr' id='par_1_30' title="bbox 260 3152 833 3212">
     <span class='ocr_line' id='line_1_33' title="bbox 260 3152 833 3212; baseline 0.009 -12"><span class='ocrx_word' id='word_1_227' title='bbox 260 3152 328 3210; x_wconf 79' lang='lat' dir='ltr'>apuu</span> <span class='ocrx_word' id='word_1_228' title='bbox 345 3167 382 3200; x_wconf 92' lang='lat' dir='ltr'>me</span> <span class='ocrx_word' id='word_1_229' title='bbox 399 3156 500 3212; x_wconf 72' lang='lat' dir='ltr'>protecto</span> <span class='ocrx_word' id='word_1_230' title='bbox 516 3156 574 3204; x_wconf 90' lang='lat' dir='ltr'>nihil</span> <span class='ocrx_word' id='word_1_231' title='bbox 589 3155 621 3205; x_wconf 82' lang='lat' dir='ltr'>et</span> <span class='ocrx_word' id='word_1_232' title='bbox 636 3157 764 3205; x_wconf 86' lang='lat' dir='ltr'>Summano</span> <span class='ocrx_word' id='word_1_233' title='bbox 781 3157 833 3205; x_wconf 89' lang='lat' dir='ltr'>loci.</span> 
     </span>
    </p>

    <p class='ocr_par' dir='ltr' id='par_1_31' title="bbox 261 3228 1144 3472">
     <span class='ocr_line' id='line_1_34' title="bbox 261 3228 1129 3301; baseline 0.009 -17"><span class='ocrx_word' id='word_1_234' title='bbox 261 3238 306 3286; x_wconf 87' lang='lat' dir='ltr'>Sed</span> <span class='ocrx_word' id='word_1_235' title='bbox 320 3232 403 3291; x_wconf 67' lang='lat' dir='ltr'>illum,</span> <span class='ocrx_word' id='word_1_236' title='bbox 423 3251 494 3296; x_wconf 85' lang='lat' dir='ltr'>quem</span> <span class='ocrx_word' id='word_1_237' title='bbox 511 3243 619 3299; x_wconf 80' lang='lat' dir='ltr'>quaeris,</span> <span class='ocrx_word' id='word_1_238' title='bbox 636 3254 679 3300; x_wconf 84' lang='lat' dir='ltr'>ego</span> <span class='ocrx_word' id='word_1_239' title='bbox 692 3239 750 3288; x_wconf 84' lang='lat' dir='ltr'>sum.</span> <span class='ocrx_word' id='word_1_240' title='bbox 783 3243 840 3287; x_wconf 72' lang='lat' dir='ltr'>cns.</span> <span class='ocrx_word' id='word_1_241' title='bbox 861 3240 956 3298; x_wconf 87' lang='lat' dir='ltr'>quaeso,</span> <span class='ocrx_word' id='word_1_242' title='bbox 973 3252 1034 3296; x_wconf 78' lang='lat' dir='ltr'>tune</span> <span class='ocrx_word' id='word_1_243' title='bbox 1050 3248 1074 3297; x_wconf 67' lang='lat' dir='ltr'>ss</span> <span class='ocrx_word' id='word_1_244' title='bbox 1089 3228 1129 3301; x_wconf 34' lang='lat' dir='ltr'>et·</span> 
     </span>
     <span class='ocr_line' id='line_1_35' title="bbox 261 3322 1144 3393; baseline 0.011 -25"><span class='ocrx_word' id='word_1_245' title='bbox 261 3322 323 3380; x_wconf 76' lang='lat' dir='ltr'>Lyco</span> <span class='ocrx_word' id='word_1_246' title='bbox 338 3323 468 3377; x_wconf 78' lang='lat' dir='ltr'>trapezita?</span> <span class='ocrx_word' id='word_1_247' title='bbox 497 3327 556 3382; x_wconf 81' lang='lat' dir='ltr'>Lyco.</span> <span class='ocrx_word' id='word_1_248' title='bbox 571 3338 614 3382; x_wconf 85' lang='lat' dir='ltr'>ego</span> <span class='ocrx_word' id='word_1_249' title='bbox 630 3325 687 3372; x_wconf 88' lang='lat' dir='ltr'>sum.</span> <span class='ocrx_word' id='word_1_250' title='bbox 719 3326 775 3372; x_wconf 80' lang='lat' dir='ltr'>Cure.</span> <span class='ocrx_word' id='word_1_251' title='bbox 790 3326 889 3373; x_wconf 84' lang='lat' dir='ltr'>multant</span> <span class='ocrx_word' id='word_1_252' title='bbox 907 3340 945 3374; x_wconf 86' lang='lat' dir='ltr'>me</span> <span class='ocrx_word' id='word_1_253' title='bbox 961 3329 1006 3377; x_wconf 88' lang='lat' dir='ltr'>tibi</span> <span class='ocrx_word' id='word_1_254' title='bbox 1113 3345 1144 3393; x_wconf 86' lang='grc' dir='ltr'>ςο</span> 
     </span>
     <span class='ocr_line' id='line_1_36' title="bbox 265 3408 795 3472; baseline 0.002 -14"><span class='ocrx_word' id='word_1_255' title='bbox 265 3408 367 3458; x_wconf 88' lang='lat' dir='ltr'>Salutem</span> <span class='ocrx_word' id='word_1_256' title='bbox 385 3409 447 3457; x_wconf 82' lang='lat' dir='ltr'>iulsrt</span> <span class='ocrx_word' id='word_1_257' title='bbox 466 3413 687 3472; x_wconf 84' lang='lat' dir='ltr'>Therapontigonus</span> <span class='ocrx_word' id='word_1_258' title='bbox 704 3413 795 3467; x_wconf 85' lang='lat' dir='ltr'>dicere,</span> 
     </span>
    </p>

    <p class='ocr_par' dir='ltr' id='par_1_32' title="bbox 265 3493 1024 3553">
     <span class='ocr_line' id='line_1_37' title="bbox 265 3493 1024 3553; baseline 0.009 -11"><span class='ocrx_word' id='word_1_259' title='bbox 265 3494 296 3542; x_wconf 84' lang='lat' dir='ltr'>Et</span> <span class='ocrx_word' id='word_1_260' title='bbox 308 3495 349 3541; x_wconf 82' lang='lat' dir='ltr'>has</span> <span class='ocrx_word' id='word_1_261' title='bbox 363 3493 458 3542; x_wconf 81' lang='lat' dir='ltr'>tabellas</span> <span class='ocrx_word' id='word_1_262' title='bbox 474 3498 528 3544; x_wconf 84' lang='lat' dir='ltr'>dare</span> <span class='ocrx_word' id='word_1_263' title='bbox 544 3511 582 3543; x_wconf 92' lang='lat' dir='ltr'>me</span> <span class='ocrx_word' id='word_1_264' title='bbox 597 3497 665 3544; x_wconf 83' lang='lat' dir='ltr'>iullit.</span> <span class='ocrx_word' id='word_1_265' title='bbox 695 3499 755 3553; x_wconf 80' lang='lat' dir='ltr'>Lyco.</span> <span class='ocrx_word' id='word_1_266' title='bbox 776 3496 880 3545; x_wconf 79' lang='lat' dir='ltr'>mihin&#39;?</span> <span class='ocrx_word' id='word_1_267' title='bbox 909 3501 966 3546; x_wconf 81' lang='lat' dir='ltr'>Cure.</span> <span class='ocrx_word' id='word_1_268' title='bbox 980 3500 1024 3550; x_wconf 74' lang='lat' dir='ltr'>ste.</span> 
     </span>
    </p>

    <p class='ocr_par' dir='ltr' id='par_1_33' title="bbox 268 3578 1086 3640">
     <span class='ocr_line' id='line_1_38' title="bbox 268 3578 1086 3640; baseline 0.009 -13"><span class='ocrx_word' id='word_1_269' title='bbox 268 3578 346 3638; x_wconf 77' lang='lat' dir='ltr'>cape,</span> <span class='ocrx_word' id='word_1_270' title='bbox 364 3578 455 3639; x_wconf 86' lang='lat' dir='ltr'>lignum</span> <span class='ocrx_word' id='word_1_271' title='bbox 469 3580 542 3628; x_wconf 87' lang='lat' dir='ltr'>nosce.</span> <span class='ocrx_word' id='word_1_272' title='bbox 570 3580 673 3629; x_wconf 69' lang='lat' dir='ltr'>noenu</span> <span class='ocrx_word' id='word_1_273' title='bbox 701 3583 761 3640; x_wconf 68' lang='lat'><em>16⁶0·</em></span> <span class='ocrx_word' id='word_1_274' title='bbox 776 3582 869 3640; x_wconf 88' lang='lat' dir='ltr'>quidni</span> <span class='ocrx_word' id='word_1_275' title='bbox 883 3584 1010 3633; x_wconf 73' lang='lat' dir='ltr'>nouerim?</span> <span class='ocrx_word' id='word_1_276' title='bbox 1083 3584 1086 3589; x_wconf 87' lang='lat'>&#39;</span> 
     </span>
    </p>
   </div>
   <div class='ocr_carea' id='block_1_4' title="bbox 1038 3674 1143 3736">
    <p class='ocr_par' dir='ltr' id='par_1_34' title="bbox 1038 3674 1143 3736">
     <span class='ocr_line' id='line_1_39' title="bbox 1038 3674 1143 3736; baseline 0.019 -11"><span class='ocrx_word' id='word_1_277' title='bbox 1038 3674 1143 3736; x_wconf 64' lang='lat' dir='ltr'>clypea</span> 
     </span>
    </p>
   </div>
   <div class='ocr_carea' id='block_1_5' title="bbox 0 0 1405 4384">
    <p class='ocr_par' dir='ltr' id='par_1_35' title="bbox 0 0 1405 4384">
     <span class='ocr_line' id='line_1_40' title="bbox 0 0 1405 4384; baseline 0 0"><span class='ocrx_word' id='word_1_278' title='bbox 0 0 1405 4384; x_wconf 95' lang='lat' dir='ltr'> </span> 
     </span>
    </p>
   </div>
  </div>
 </body>
</html>
