2767 4384
500 448 845 514 raaouuuc'a.
1031 443 1101 528 335

241 609 312 657 Haud
323 606 388 664 frelo
400 601 545 671 lequellruot.

242 693 365 750 Inopiam,
381 691 483 744 lutiam,
497 697 642 739 maerorem,
657 691 833 741 paupertatem,
846 680 942 738 aigum,
957 678 1051 727 latuem.

230 778 354 825 liiusdem
366 776 469 825 Bacchae
482 771 586 818 lecemm
601 767 700 815 nostram
714 769 795 814 nanim
807 765 945 818 Pentheum.
1001 794 1003 797 -
1074 771 1110 812 lo

246 863 329 914 Nunc,
344 869 369 906 ut
381 836 444 917 apud
456 855 594 914 lequellrum
609 854 714 901 vidulum
729 852 863 910 polluimur.

246 946 315 991 Nunc
327 943 404 1009 setuoa
417 949 539 1000 argentum
551 954 565 986 a
579 950 643 997 patre
657 940 825 997 expalpabitur.

245 1029 323 1075 Immo
336 1008 438 1087 id'pood·
446 1028 504 1070 lraec
518 1024 594 1070 nostra
607 1023 639 1069 est
652 1024 743 1080 patria,
759 1032 783 1070 et
794 1021 856 1081 qood
869 1020 908 1068 hio
920 1032 987 1069 meua
1052 1035 1057 1044 ·

245 1112 284 1159 llll
297 1116 360 1170 patet
370 1148 376 1162 ,
385 1104 440 1153 illic
453 1117 532 1156 autem
545 1108 656 1157 Soterinis
670 1109 703 1156 eli
716 1117 787 1164 pater.
1052 1110 1055 1118 “

246 1199 329 1245 Malim
340 1193 422 1240 moriri
433 1204 507 1247 meos,
516 1205 587 1250 quam
604 1193 763 1241 mendimtiet.
792 1193 849 1238 boni
858 1190 1028 1239 minuuntur
1040 1188 1109 1236 illurn

259 1259 293 1305 θ·
618 1289 680 1323 nuno
692 1279 789 1324 intrent
801 1275 866 1323 mnu.
1077 1278 1108 1325 ις

216 1346 223 1353 ’
245 1360 343 1418 signum
358 1361 416 1407 reite
431 1361 596 1417 comparebat:
622 1360 691 1406 huius
705 1361 814 1405 contendi
827 1357 947 1408 annulum.
967 1384 970 1391 ·
1006 1382 1008 1387 ·

244 1444 305 1499 Quid
318 1443 393 1490 multa
405 1444 496 1490 verba?
521 1445 649 1501 plurimum
663 1445 808 1492 lustauimosa

297 1557 306 1569 -
333 1557 343 1568 -
371 1530 429 1576 lube
443 1530 505 1575 hooc
517 1528 576 1575 insui
589 1529 680 1587 culleo,

244 1619 320 1674 Atque
331 1618 357 1663 in
369 1617 442 1662 altum
456 1616 589 1673 deportari,
604 1615 623 1661 st
636 1615 670 1663 vis
686 1629 803 1663 annonam
815 1617 911 1662 bonam.
961 1632 965 1637 ·

245 1704 281 1750 lbi
297 1714 323 1751 vt
337 1704 456 1761 piscabar,
471 1699 558 1746 fuscina
572 1700 602 1745 ici
614 1699 728 1746 vidulum.

243 1789 305 1834 Nam
319 1785 398 1832 audiui
411 1783 523 1832 feminam
538 1794 581 1841 ego
594 1784 686 1830 leonem
700 1783 772 1830 semel
785 1783 870 1841 perire.

342 1971 459 2028 LOCI
488 1970 549 2026 EX
576 1971 781 2030 AMissls
812 1966 1012 2044 CITATI,

310 2121 321 2154 t
462 2087 543 2134 amisso
557 2064 628 2135 etiam
640 2090 779 2136 comoediae
793 2088 897 2134 nomiae.

244 2178 347 2261 Epeom
360 2204 506 2254 fumificem,
524 2206 563 2258 qui
579 2205 666 2259 legioni
679 2206 768 2252 nostrae
782 2206 853 2252 habet
865 2206 955 2251 ωᾶιω
968 2203 1055 2250 cilium.

244 2289 378 2349 Oggaoouit
393 2287 483 2334 odiosus
497 2289 562 2334 omni
576 2296 637 2335 totae
651 2288 761 2336 familiae.
881 2276 884 2281 ’

245 2376 309 2424 Licet
321 2388 362 2422 vos
375 2374 438 2420 abire
452 2375 573 2421 curriculo.

242 2463 295 2508 lam
312 2461 354 2507 tibi
369 2459 414 2505 tois
428 2457 517 2504 meritis
530 2456 615 2505 cretius
627 2457 703 2504 corius
716 2458 820 2504 reddituc
834 2458 874 2505 eli.

244 2545 283 2591 Dii
298 2544 357 2590 bene
371 2543 476 2590 vortant!
491 2550 544 2587 tene
556 2539 686 2587 cruminam
699 2554 705 2584 z
727 2540 752 2586 io
766 2554 793 2588 ea
805 2550 875 2590 erunt
887 2542 983 2600 triginta
994 2543 1079 2590 minae.
1097 2551 1110 2595 ς

244 2629 341 2676 Nullam
355 2638 400 2682 ego
412 2639 463 2672 rem
478 2625 584 2671 citiorem
598 2624 659 2681 apud
674 2625 782 2672 homines
796 2625 849 2680 elle,
865 2639 934 2684 quam
949 2629 1037 2676 famant
1048 2610 1109 2676 reor.

245 2715 335 2762 stultus
349 2712 380 2759 est
393 2709 517 2758 aduorlum
530 2719 630 2758 aetatem
644 2719 668 2758 ot
679 2706 760 2768 capitis
774 2713 938 2760 caritudinem.

245 2801 366 2847 Numnam
378 2797 437 2844 milri
449 2796 510 2842 oculi
524 2797 677 2844 oaeotltant?
698 2796 759 2844 cline
774 2796 813 2843 lrlc
825 2796 901 2846 nostor
914 2798 1031 2848 llermiol

245 2883 352 2929 Eiuratrit
365 2880 482 2927 militiam.

245 2970 283 3017 Sic
296 2981 335 3014 me
348 2967 414 3014 lobes
428 2967 525 3023 cotidie,
542 2967 676 3026 qualilibet
690 2968 791 3016 [ilicem.

246 3053 349 3099 ilerdam
361 3053 398 3097 do.

217 3140 222 3146 '
245 3137 302 3184 lniit
314 3147 337 3183 te
352 3149 453 3194 unquam
465 3138 555 3185 febris?

246 3222 328 3279 Neque
341 3222 485 3267 monetalem
500 3223 603 3280 Legem,
619 3234 693 3281 neque
709 3223 852 3278 Lenoniam,

245 3312 335 3367 Rogata
348 3305 418 3353 fuerit
432 3319 474 3352 nec
488 3320 533 3362 ne,
547 3308 637 3354 {loccid’
648 3309 751 3355 aestimo.
847 3342 849 3347 -

248 3395 370 3444 Perfidiose
385 3401 478 3448 captos,
495 3392 576 3447 edepol
590 3406 663 3439 neruo
677 3396 777 3441 ceruices
791 3395 882 3451 probas.

247 3480 371 3531 illuriatica
385 3486 463 3524 autem
479 3476 546 3522 rideo
559 3477 582 3522 in
597 3476 655 3523 ualle
668 3477 781 3532 stagneis:

193 3610 201 3625 ,
246 3564 338 3614 Bonam
351 3564 466 3615 uadum,
482 3569 506 3607 et
516 3573 653 3613 comarum,
671 3570 695 3607 et
708 3560 817 3618 tageniat

248 3650 349 3699 Echinon
362 3647 448 3701 sartos,
464 3644 562 3693 conchas
574 3641 713 3701 piscinarias.

299 3732 383 3780 aaa.
396 3714 469 3778 anm
481 3731 571 3779 omna
584 3730 642 3775 aaa.
653 3729 686 3773 ιι.
873 3727 918 3779 at
