2767 4384
300 408 370 495 146
529 422 572 473 ru.
597 423 731 475 uccrr
755 421 932 474 rouvrr

294 565 371 614 Proin*
385 573 426 616 tu,
447 563 481 609 tui
495 563 622 620 quotidiani
636 563 688 611 viiii
701 574 805 612 ventrem
817 565 847 611 ad
860 576 899 611 me
912 561 1017 610 adferas.
1141 572 1166 617 75

294 652 344 709 Erg.
374 649 435 703 Quin
448 649 481 696 ita
493 646 593 702 sariam,
609 656 633 695 ut
651 656 675 694 re
687 650 767 706 cupias
780 648 855 697 latere
871 647 992 703 sumtum.
1017 646 1064 697 etsi
1077 659 1122 705 ego
1135 662 1168 698 rr·

778 732 834 770 tem.
858 770 862 777 ,

292 812 347 870 lug.
363 809 477 871 AEgoue?
505 809 556 867 Erg.
572 815 629 855 rute.
658 809 714 867 Heg.
729 816 780 853 tom
793 815 819 853 tu
833 807 1035 863 uriigiturlrerrre
1051 818 1087 855 ee.
1119 809 1165 867 fir.

776 884 823 931 imo
837 887 896 945 berae
910 885 1000 932 voleus.
1091 940 1093 945 Ι

215 1024 217 1028 ,
290 975 343 1025 Viu’
357 971 476 1022 tesaaium
489 969 651 1017 fortunatum?
707 970 761 1027 Heg.
783 969 880 1023 malim,
901 980 974 1026 quam
988 968 1110 1019 miserum
1122 970 1166 1029 qui·

774 1041 836 1087 dem.

290 1132 341 1190 Erg.
370 1129 433 1177 cedo
447 1139 550 1175 manum.
581 1128 635 1184 Heg.
651 1126 706 1172 hem
720 1136 823 1170 monum.
854 1125 903 1191 sug.
920 1108 951 1171 Di
964 1130 990 1169 te
1004 1135 1095 1171 omues
1107 1122 1165 1171 auin.

770 1204 832 1240 uaut
862 1196 915 1252 areg.
930 1194 992 1240 nihil
1006 1194 1094 1243 sentio.

290 1287 339 1343 Erg.
369 1283 422 1330 Non
438 1281 500 1326 enim
515 1293 539 1326 es
553 1279 716 1337 infseoticetm
739 1291 767 1324 eo
781 1293 827 1324 oon
842 1276 918 1325 sentis.
947 1277 988 1325 sed
1003 1279 1064 1328 iube
1136 1283 1164 1329 80

288 1368 348 1416 l'ala
359 1367 402 1414 tibi
412 1378 474 1429 pura
487 1362 592 1419 adparari
607 1363 635 1408 ad
648 1375 699 1408 rem
711 1363 814 1409 diuinam
827 1362 889 1413 cito,

285 1457 361 1511 Atque
374 1463 462 1509 agruim
474 1445 559 1495 adferri
572 1445 708 1503 proprium,
732 1446 851 1503 pinguem.
890 1448 943 1505 Heg.
969 1448 1036 1495 eur?
1067 1451 1120 1509 fig,
1141 1459 1163 1498 ,ι

766 1521 893 1568 sacrufices.

287 1618 342 1674 Heg.
369 1611 414 1661 cui
428 1595 551 1657 rleorumi'
586 1607 637 1664 Erg.
660 1603 720 1652 milri
734 1606 817 1652 hercle.
847 1619 901 1652 nam
916 1619 959 1665 ego
974 1607 1021 1656 tibi
1036 1622 1099 1659 aaut
1111 1610 1159 1659 sum
1189 1632 1191 1641 ·

766 1681 870 1728 summus
884 1681 1001 1740 luppiter.

284 1775 352 1822 Idem
367 1785 409 1830 ego
421 1770 473 1817 sum
486 1767 561 1821 salut,
583 1765 692 1820 maura,
714 1765 770 1819 lux,
792 1765 894 1820 laetitia,
914 1768 1039 1824 gaudium.

285 1859 384 1907 Proinde
399 1867 424 1902 tu
436 1857 507 1900 deum
520 1855 608 1899 huncce
618 1851 736 1899 saturitate
748 1849 817 1897 facias
832 1851 986 1907 tranquillum
1001 1855 1055 1902 ribi.
1125 1860 1154 1911 ξς

286 1945 343 1999 Heg.
371 1937 461 1986 Esurire
476 1937 534 1982 mihi
548 1936 634 1983 videre.
662 1937 713 1992 Erg.
729 1935 787 1981 milri
801 1937 894 1991 quidem
909 1935 1002 1993 esurio,
1017 1955 1068 1989 nou
1083 1942 1131 1989 tsui.
1187 1918 1196 1957 '-

285 2030 340 2084 Hrg.
370 2025 425 2070 Tuo
438 2020 550 2067 arbitratu
562 2018 630 2065 facile
642 2019 726 2075 patior.
755 2022 805 2077 Erg.
822 2021 906 2074 eredo,
928 2021 1132 2083 consueturpuc·.

286 2114 339 2168 Heg.
369 2106 506 2164 luppiterte
520 2104 596 2160 Dique
607 2103 712 2160 perdant.
750 2106 799 2160 Erg.
815 2113 853 2156 te,
867 2105 961 2160 hercle,
977 2098 1043 2155 milri
1062 2122 1156 2168 aequom

765 2182 797 2229 eli
810 2184 894 2240 gratias

283 2277 356 2332 Agere
369 2261 400 2318 ob
415 2267 538 2315 nuntium·
565 2275 656 2315 tantum
670 2278 713 2325 ego
727 2279 788 2313 uuor
802 2277 895 2324 portua
909 2278 979 2325 portu
991 2272 1037 2320 tibi
1054 2274 1118 2326 boui.

282 2361 352 2406 Nrmo
363 2366 388 2403 tu
403 2354 460 2400 milii
475 2353 558 2408 places.
587 2353 644 2410 Heg:
657 2350 799 2404 absterritus,
812 2351 861 2398 sero
871 2353 920 2409 poll
930 2344 1027 2414 tempus
1037 2360 1114 2408 vertis.
1129 2370 1156 2412 9ο

283 2445 333 2500 Erg.
362 2439 435 2497 igitur
447 2439 519 2489 olim,
535 2434 724 2490 fiaduenilsem,
739 2439 849 2495 magistu
864 2446 914 2484 rruu
930 2439 987 2486 illuu
1002 2442 1107 2491 diceres.

282 2529 350 2575 Nunc
363 2527 423 2570 haur
437 2520 550 2567 laetitiam
562 2521 638 2577 accipe
653 2533 733 2574 ame,
754 2534 824 2578 quam
838 2520 893 2567 sero.
923 2535 979 2569 nam
994 2524 1078 2574 lilium

283 2600 364 2657 Tuum
377 2609 447 2653 morlo
461 2605 485 2650 in
499 2613 566 2661 portu
577 2602 764 2661 Philopolemum
775 2605 871 2658 viuum,
886 2604 991 2660 saluom,
1007 2618 1034 2657 et
1050 2610 1155 2669 sospitem
1190 2656 1194 2665 ,

281 2693 337 2739 Vidi
350 2692 373 2737 iu
387 2689 479 2747 publica
493 2688 586 2741 celere,
609 2688 742 2746 ibidemque
756 2688 823 2734 iilum
839 2691 1038 2739 adolescentulum

223 2782 226 2787 '
281 2777 359 2824 illium
374 2789 432 2828 vua,
448 2781 471 2820 et
485 2784 552 2818 tuum
563 2771 708 2828 Stalagmum
721 2772 828 2826 sertrom,
844 2778 883 2830 qui
897 2774 987 2832 aufugit
1001 2778 1095 2832 domo,
1126 2787 1153 2833 95

280 2861 324 2915 Qui
339 2860 381 2906 tibi
394 2858 504 2913 surripuit
518 2858 665 2914 quadrimum
680 2872 778 2915 puerum
795 2856 896 2903 lilioiuur
910 2867 985 2904 tuum.

279 2948 334 3002 lleg
363 2945 434 2992 Abi
427 2959 450 2990 ru
466 2941 631 2988 malamrem.
654 2941 715 2988 lurlis
728 2955 772 2988 me.
806 2944 853 2999 Erg.
875 2941 907 2988 ita
921 2947 1067 2994 meamabit
1082 2947 1153 2997 sautia

740 3022 889 3076 Saturitas,

278 3106 337 3162 slepi
331 3119 367 3160 o,
390 3107 466 3166 irruite
481 3107 521 3155 suo
534 3120 573 3154 me
587 3105 677 3164 semper
690 3109 826 3154 condecoret
839 3106 984 3162 cognomine.

278 3190 435 3245 lregooidi.
467 3195 521 3250 Heg.
536 3192 745 3249 meumguatum?
782 3190 831 3247 Erg.
846 3197 914 3235 tuum
928 3201 1044 3248 guarum.
1070 3204 1096 3243 et
1110 3196 1152 3245 Ge·
1181 3122 1186 3239 ἴ

758 3260 824 3307 nium
837 3272 925 3305 meum.
1182 3258 1188 3339 l

276 3357 330 3414 Her.
360 3354 390 3401 lit
411 3356 530 3411 captiuum
550 3357 619 3403 illum
639 3356 788 3406 ΑΙῑᾰοηΓοω’
847 3357 895 3413 Erg.
920 3343 959 3407 uli
980 3348 1020 3401 air
1034 3349 1184 3405 'Arium'

759 3426 814 3481 areg.
832 3432 856 3471 et
868 3424 985 3472 seruolum

276 3515 360 3567 Meum
373 3519 532 3577 Stalagmum.
548 3519 707 3583 memnoni
720 3524 816 3576 pratum
829 3515 957 3575 surripuit?
986 3521 1041 3580 Eut.
1058 3517 1087 3575 vl
1105 3519 1149 3575 mir

756 3596 833 3655 Κόραν.

1091 3698 1146 3755 Hq.
