<?xml version="1.0" encoding="UTF-8"?>
<!DOCTYPE html PUBLIC "-//W3C//DTD XHTML 1.0 Transitional//EN"
    "http://www.w3.org/TR/xhtml1/DTD/xhtml1-transitional.dtd">
<html xmlns="http://www.w3.org/1999/xhtml" xml:lang="en" lang="en">
 <head>
  <title>
</title>
<meta http-equiv="Content-Type" content="text/html;charset=utf-8" />
  <meta name='ocr-system' content='tesseract 3.04.00' />
  <meta name='ocr-capabilities' content='ocr_page ocr_carea ocr_par ocr_line ocrx_word'/>
</head>
<body>
  <div class='ocr_page' id='page_1' title='image "./macciiplavticom01conggoog_0088.png"; bbox 0 0 2767 4384; ppageno 0'>
   <div class='ocr_carea' id='block_1_1' title="bbox 265 409 912 496">
    <p class='ocr_par' dir='ltr' id='par_1_1' title="bbox 265 409 912 496">
     <span class='ocr_line' id='line_1_1' title="bbox 265 409 912 496; baseline -0.008 -5"><span class='ocrx_word' id='word_1_1' title='bbox 265 409 322 496; x_wconf 77' lang='lat'>&#39;68</span> <span class='ocrx_word' id='word_1_2' title='bbox 506 431 554 487; x_wconf 81' lang='lat' dir='ltr'>M.</span> <span class='ocrx_word' id='word_1_3' title='bbox 573 431 711 492; x_wconf 78' lang='lat' dir='ltr'>uccru</span> <span class='ocrx_word' id='word_1_4' title='bbox 728 432 912 491; x_wconf 72' lang='lat' dir='ltr'>eunvur</span> 
     </span>
    </p>
   </div>
   <div class='ocr_carea' id='block_1_2' title="bbox 272 568 1147 703">
    <p class='ocr_par' dir='ltr' id='par_1_2' title="bbox 272 568 1147 703">
     <span class='ocr_line' id='line_1_2' title="bbox 272 568 1147 635; baseline -0.006 -10"><span class='ocrx_word' id='word_1_5' title='bbox 272 578 335 635; x_wconf 66' lang='lat' dir='ltr'>Arg.</span> <span class='ocrx_word' id='word_1_6' title='bbox 372 573 438 622; x_wconf 79' lang='lat' dir='ltr'>Tum</span> <span class='ocrx_word' id='word_1_7' title='bbox 448 579 475 620; x_wconf 90' lang='lat' dir='ltr'>tu</span> <span class='ocrx_word' id='word_1_8' title='bbox 487 572 560 632; x_wconf 79' lang='lat' dir='ltr'>igitur</span> <span class='ocrx_word' id='word_1_9' title='bbox 569 572 679 632; x_wconf 79' lang='lat' dir='ltr'>loquere,</span> <span class='ocrx_word' id='word_1_10' title='bbox 702 574 763 632; x_wconf 81' lang='lat' dir='ltr'>quod</span> <span class='ocrx_word' id='word_1_11' title='bbox 776 573 848 621; x_wconf 85' lang='lat' dir='ltr'>iubet.</span> <span class='ocrx_word' id='word_1_12' title='bbox 877 568 966 617; x_wconf 64' lang='lat' dir='ltr'>tisun</span> <span class='ocrx_word' id='word_1_13' title='bbox 985 569 1052 617; x_wconf 79' lang='lat' dir='ltr'>launo</span> <span class='ocrx_word' id='word_1_14' title='bbox 1065 569 1147 620; x_wconf 78' lang='lat' dir='ltr'>herde</span> 
     </span>
     <span class='ocr_line' id='line_1_3' title="bbox 713 657 840 703; baseline -0.016 -1"><span class='ocrx_word' id='word_1_15' title='bbox 713 657 840 703; x_wconf 85' lang='lat' dir='ltr'>uerberare.</span> 
     </span>
    </p>
   </div>
   <div class='ocr_carea' id='block_1_3' title="bbox 271 738 1105 970">
    <p class='ocr_par' dir='ltr' id='par_1_3' title="bbox 271 738 1105 970">
     <span class='ocr_line' id='line_1_4' title="bbox 273 738 1093 798; baseline -0.006 -8"><span class='ocrx_word' id='word_1_16' title='bbox 273 746 338 794; x_wconf 76' lang='lat' dir='ltr'>Lem</span> <span class='ocrx_word' id='word_1_17' title='bbox 366 743 479 798; x_wconf 79' lang='lat' dir='ltr'>Quisnam</span> <span class='ocrx_word' id='word_1_18' title='bbox 493 739 550 788; x_wconf 71' lang='lat' dir='ltr'>tuuc</span> <span class='ocrx_word' id='word_1_19' title='bbox 564 740 741 796; x_wconf 73' lang='lat' dir='ltr'>accredat‘tibi,</span> <span class='ocrx_word' id='word_1_20' title='bbox 766 741 861 787; x_wconf 79' lang='lat' dir='ltr'>cinaede</span> <span class='ocrx_word' id='word_1_21' title='bbox 874 738 1047 786; x_wconf 67' lang='lat' dir='ltr'>oehmishute‘t</span> <span class='ocrx_word' id='word_1_22' title='bbox 1081 764 1093 791; x_wconf 72' lang='lat' dir='ltr'>r</span> 
     </span>
     <span class='ocr_line' id='line_1_5' title="bbox 272 825 941 882; baseline -0.003 -7"><span class='ocrx_word' id='word_1_23' title='bbox 272 829 335 875; x_wconf 76' lang='lat' dir='ltr'>&#39;sem‘</span> <span class='ocrx_word' id='word_1_24' title='bbox 350 827 471 880; x_wconf 82' lang='lat' dir='ltr'>verberes,</span> <span class='ocrx_word' id='word_1_25' title='bbox 495 825 534 882; x_wconf 84' lang='lat' dir='ltr'>qui</span> <span class='ocrx_word' id='word_1_26' title='bbox 544 836 589 879; x_wconf 89' lang='lat' dir='ltr'>pro</span> <span class='ocrx_word' id='word_1_27' title='bbox 603 825 654 871; x_wconf 82' lang='lat' dir='ltr'>cibo</span> <span class='ocrx_word' id='word_1_28' title='bbox 668 826 755 871; x_wconf 76' lang='lat' dir='ltr'>haheat</span> <span class='ocrx_word' id='word_1_29' title='bbox 766 832 790 872; x_wconf 80' lang='lat' dir='ltr'>te</span> <span class='ocrx_word' id='word_1_30' title='bbox 804 825 941 873; x_wconf 64' lang='lat' dir='ltr'>verberarit.</span> 
     </span>
     <span class='ocr_line' id='line_1_6' title="bbox 271 909 1105 970; baseline -0.002 -13"><span class='ocrx_word' id='word_1_31' title='bbox 271 915 332 970; x_wconf 60' lang='lat' dir='ltr'>Arg.</span> <span class='ocrx_word' id='word_1_32' title='bbox 367 911 402 957; x_wconf 85' lang='lat' dir='ltr'>Vt</span> <span class='ocrx_word' id='word_1_33' title='bbox 415 909 500 956; x_wconf 72' lang='lat' dir='ltr'>vestrae</span> <span class='ocrx_word' id='word_1_34' title='bbox 518 909 625 956; x_wconf 80' lang='lat' dir='ltr'>fortunae</span> <span class='ocrx_word' id='word_1_35' title='bbox 641 909 701 957; x_wconf 81' lang='lat' dir='ltr'>meis</span> <span class='ocrx_word' id='word_1_36' title='bbox 713 910 867 968; x_wconf 80' lang='lat' dir='ltr'>praecedunt,</span> <span class='ocrx_word' id='word_1_37' title='bbox 888 911 991 963; x_wconf 85' lang='lat' dir='ltr'>Libane,</span> <span class='ocrx_word' id='word_1_38' title='bbox 1013 909 1105 968; x_wconf 72' lang='lat' dir='ltr'>longe,</span> 
     </span>
    </p>
   </div>
   <div class='ocr_carea' id='block_1_4' title="bbox 271 988 1145 1120">
    <p class='ocr_par' dir='ltr' id='par_1_4' title="bbox 271 988 1145 1120">
     <span class='ocr_line' id='line_1_7' title="bbox 271 988 1145 1111; baseline -0.005 -68"><span class='ocrx_word' id='word_1_39' title='bbox 271 997 319 1052; x_wconf 79' lang='lat' dir='ltr'>Qui</span> <span class='ocrx_word' id='word_1_40' title='bbox 332 995 402 1041; x_wconf 87' lang='lat' dir='ltr'>hodie</span> <span class='ocrx_word' id='word_1_41' title='bbox 423 988 552 1051; x_wconf 82' lang='lat' dir='ltr'>numquam</span> <span class='ocrx_word' id='word_1_42' title='bbox 570 992 600 1039; x_wconf 87' lang='lat' dir='ltr'>ad</span> <span class='ocrx_word' id='word_1_43' title='bbox 614 991 737 1049; x_wconf 77' lang='lat' dir='ltr'>vesperum</span> <span class='ocrx_word' id='word_1_44' title='bbox 758 993 855 1111; x_wconf 50' lang='lat' dir='ltr'>guam!</span> <span class='ocrx_word' id='word_1_45' title='bbox 893 993 970 1040; x_wconf 68' lang='lat' dir='ltr'>Libat.</span> <span class='ocrx_word' id='word_1_46' title='bbox 995 1001 1145 1051; x_wconf 81' lang='lat' dir='ltr'>quapropter</span> 
     </span>
     <span class='ocr_line' id='line_1_8' title="bbox 713 1074 1145 1120; baseline 0 -11"><span class='ocrx_word' id='word_1_47' title='bbox 713 1074 758 1120; x_wconf 84' lang='lat' dir='ltr'>qun</span> <span class='ocrx_word' id='word_1_48' title='bbox 782 1077 815 1112; x_wconf 87' lang='lat' dir='ltr'>o.</span> <span class='ocrx_word' id='word_1_49' title='bbox 1111 1075 1145 1118; x_wconf 78' lang='grc' dir='ltr'>4ο</span> 
     </span>
    </p>
   </div>
   <div class='ocr_carea' id='block_1_5' title="bbox 224 1146 1142 1212">
    <p class='ocr_par' dir='ltr' id='par_1_5' title="bbox 224 1146 1142 1212">
     <span class='ocr_line' id='line_1_9' title="bbox 224 1146 1142 1212; baseline 0.002 -18"><span class='ocrx_word' id='word_1_50' title='bbox 224 1185 227 1194; x_wconf 93' lang='grc'>.</span> <span class='ocrx_word' id='word_1_51' title='bbox 270 1154 330 1212; x_wconf 68' lang='lat' dir='ltr'>Arg.</span> <span class='ocrx_word' id='word_1_52' title='bbox 368 1151 428 1208; x_wconf 82' lang='lat' dir='ltr'><strong>Quia</strong></span> <span class='ocrx_word' id='word_1_53' title='bbox 441 1149 639 1210; x_wconf 82' lang='lat' dir='ltr'>egohanoamo,</span> <span class='ocrx_word' id='word_1_54' title='bbox 664 1148 759 1195; x_wconf 78' lang='lat' dir='ltr'>ethaeo</span> <span class='ocrx_word' id='word_1_55' title='bbox 772 1161 810 1195; x_wconf 83' lang='lat' dir='ltr'>me</span> <span class='ocrx_word' id='word_1_56' title='bbox 824 1155 901 1196; x_wconf 83' lang='lat' dir='ltr'>amat:</span> <span class='ocrx_word' id='word_1_57' title='bbox 925 1146 996 1205; x_wconf 73' lang='lat' dir='ltr'>huit,</span> <span class='ocrx_word' id='word_1_58' title='bbox 1019 1148 1087 1205; x_wconf 78' lang='lat' dir='ltr'>quod</span> <span class='ocrx_word' id='word_1_59' title='bbox 1099 1159 1142 1207; x_wconf 71' lang='lat' dir='ltr'>ego</span> 
     </span>
    </p>
   </div>
   <div class='ocr_carea' id='block_1_6' title="bbox 203 1231 1138 2212">
    <p class='ocr_par' dir='ltr' id='par_1_6' title="bbox 697 1231 1100 1289">
     <span class='ocr_line' id='line_1_10' title="bbox 697 1231 1100 1289; baseline 0.007 -13"><span class='ocrx_word' id='word_1_60' title='bbox 697 1231 770 1286; x_wconf 89' lang='lat' dir='ltr'>dem,</span> <span class='ocrx_word' id='word_1_61' title='bbox 790 1243 905 1289; x_wconf 83' lang='lat' dir='ltr'><strong>nusquam</strong></span> <span class='ocrx_word' id='word_1_62' title='bbox 918 1231 1044 1289; x_wconf 80' lang='lat' dir='ltr'>quitquam</span> <span class='ocrx_word' id='word_1_63' title='bbox 1056 1231 1100 1279; x_wconf 84' lang='lat' dir='ltr'>est.</span> 
     </span>
    </p>

    <p class='ocr_par' dir='ltr' id='par_1_7' title="bbox 267 1314 1008 1374">
     <span class='ocr_line' id='line_1_11' title="bbox 267 1314 1008 1374; baseline -0.009 -7"><span class='ocrx_word' id='word_1_64' title='bbox 267 1319 328 1366; x_wconf 82' lang='lat' dir='ltr'>ilino</span> <span class='ocrx_word' id='word_1_65' title='bbox 341 1318 397 1366; x_wconf 77' lang='lat' dir='ltr'>med</span> <span class='ocrx_word' id='word_1_66' title='bbox 408 1327 526 1364; x_wconf 83' lang='lat' dir='ltr'>amentem</span> <span class='ocrx_word' id='word_1_67' title='bbox 540 1325 568 1361; x_wconf 81' lang='lat' dir='ltr'>er</span> <span class='ocrx_word' id='word_1_68' title='bbox 582 1314 678 1361; x_wconf 83' lang='lat' dir='ltr'>aedibus</span> <span class='ocrx_word' id='word_1_69' title='bbox 691 1314 778 1374; x_wconf 77' lang='lat' dir='ltr'>delegit</span> <span class='ocrx_word' id='word_1_70' title='bbox 791 1315 860 1361; x_wconf 83' lang='lat' dir='ltr'>huius</span> <span class='ocrx_word' id='word_1_71' title='bbox 873 1324 955 1361; x_wconf 88' lang='lat' dir='ltr'>mater.</span> <span class='ocrx_word' id='word_1_72' title='bbox 1006 1346 1008 1352; x_wconf 34' lang='lat' dir='ltr'><strong>f</strong></span> 
     </span>
    </p>

    <p class='ocr_par' dir='ltr' id='par_1_8' title="bbox 265 1398 932 1461">
     <span class='ocr_line' id='line_1_12' title="bbox 265 1398 932 1461; baseline -0.009 -11"><span class='ocrx_word' id='word_1_73' title='bbox 265 1402 364 1461; x_wconf 81' lang='lat' dir='ltr'>Argenti</span> <span class='ocrx_word' id='word_1_74' title='bbox 377 1401 459 1459; x_wconf 81' lang='lat' dir='ltr'>viginti</span> <span class='ocrx_word' id='word_1_75' title='bbox 473 1399 550 1445; x_wconf 87' lang='lat' dir='ltr'>minae</span> <span class='ocrx_word' id='word_1_76' title='bbox 562 1411 601 1444; x_wconf 88' lang='lat' dir='ltr'>me</span> <span class='ocrx_word' id='word_1_77' title='bbox 617 1400 646 1444; x_wconf 86' lang='lat' dir='ltr'>ad</span> <span class='ocrx_word' id='word_1_78' title='bbox 661 1405 763 1443; x_wconf 87' lang='lat' dir='ltr'>mortem</span> <span class='ocrx_word' id='word_1_79' title='bbox 776 1398 932 1455; x_wconf 86' lang='lat' dir='ltr'>adpulerunt,</span> 
     </span>
    </p>

    <p class='ocr_par' dir='ltr' id='par_1_9' title="bbox 266 1479 985 1540">
     <span class='ocr_line' id='line_1_13' title="bbox 266 1479 985 1540; baseline -0.008 -8"><span class='ocrx_word' id='word_1_80' title='bbox 266 1487 329 1540; x_wconf 82' lang='lat' dir='ltr'>Quas</span> <span class='ocrx_word' id='word_1_81' title='bbox 341 1485 410 1531; x_wconf 90' lang='lat' dir='ltr'>hodie</span> <span class='ocrx_word' id='word_1_82' title='bbox 424 1479 554 1529; x_wconf 75' lang='lat' dir='ltr'>adolescent</span> <span class='ocrx_word' id='word_1_83' title='bbox 568 1481 681 1528; x_wconf 81' lang='lat' dir='ltr'>Diabolus</span> <span class='ocrx_word' id='word_1_84' title='bbox 693 1481 736 1539; x_wconf 90' lang='lat' dir='ltr'>ipsi</span> <span class='ocrx_word' id='word_1_85' title='bbox 750 1482 846 1529; x_wconf 85' lang='lat' dir='ltr'>daturus</span> <span class='ocrx_word' id='word_1_86' title='bbox 861 1481 935 1528; x_wconf 84' lang='lat' dir='ltr'>dixit:</span> <span class='ocrx_word' id='word_1_87' title='bbox 982 1514 985 1519; x_wconf 87' lang='lat'><em>.</em></span> 
     </span>
    </p>

    <p class='ocr_par' dir='ltr' id='par_1_10' title="bbox 203 1564 1138 1626">
     <span class='ocr_line' id='line_1_14' title="bbox 203 1564 1138 1626; baseline 0 -12"><span class='ocrx_word' id='word_1_88' title='bbox 203 1599 207 1605; x_wconf 82' lang='lat'>·</span> <span class='ocrx_word' id='word_1_89' title='bbox 266 1569 300 1614; x_wconf 82' lang='lat' dir='ltr'>Vt</span> <span class='ocrx_word' id='word_1_90' title='bbox 312 1568 372 1613; x_wconf 84' lang='lat' dir='ltr'>hano</span> <span class='ocrx_word' id='word_1_91' title='bbox 385 1579 416 1612; x_wconf 90' lang='lat' dir='ltr'>ne</span> <span class='ocrx_word' id='word_1_92' title='bbox 430 1576 547 1623; x_wconf 85' lang='lat' dir='ltr'>quoquam</span> <span class='ocrx_word' id='word_1_93' title='bbox 559 1566 676 1619; x_wconf 84' lang='lat' dir='ltr'>mitteret,</span> <span class='ocrx_word' id='word_1_94' title='bbox 691 1564 735 1611; x_wconf 87' lang='lat' dir='ltr'>nisi</span> <span class='ocrx_word' id='word_1_95' title='bbox 748 1566 778 1612; x_wconf 83' lang='lat' dir='ltr'>ad</span> <span class='ocrx_word' id='word_1_96' title='bbox 792 1564 815 1610; x_wconf 88' lang='lat' dir='ltr'>se</span> <span class='ocrx_word' id='word_1_97' title='bbox 828 1566 890 1610; x_wconf 85' lang='lat' dir='ltr'>huno</span> <span class='ocrx_word' id='word_1_98' title='bbox 902 1578 991 1614; x_wconf 85' lang='lat' dir='ltr'>annum</span> <span class='ocrx_word' id='word_1_99' title='bbox 1004 1574 1094 1621; x_wconf 78' lang='lat' dir='ltr'>totum.</span> <span class='ocrx_word' id='word_1_100' title='bbox 1108 1576 1138 1626; x_wconf 57' lang='grc' dir='ltr'>ας</span> 
     </span>
    </p>

    <p class='ocr_par' dir='ltr' id='par_1_11' title="bbox 263 1648 979 1715">
     <span class='ocr_line' id='line_1_15' title="bbox 263 1648 979 1715; baseline 0 -17"><span class='ocrx_word' id='word_1_101' title='bbox 263 1652 366 1698; x_wconf 87' lang='lat' dir='ltr'>Videtln’</span> <span class='ocrx_word' id='word_1_102' title='bbox 380 1649 462 1708; x_wconf 85' lang='lat' dir='ltr'>viginti</span> <span class='ocrx_word' id='word_1_103' title='bbox 475 1651 552 1696; x_wconf 84' lang='lat' dir='ltr'>minae</span> <span class='ocrx_word' id='word_1_104' title='bbox 566 1649 621 1715; x_wconf 71' lang='lat' dir='ltr'>quid</span> <span class='ocrx_word' id='word_1_105' title='bbox 633 1650 738 1707; x_wconf 88' lang='lat' dir='ltr'>pollent,</span> <span class='ocrx_word' id='word_1_106' title='bbox 766 1649 852 1708; x_wconf 83' lang='lat' dir='ltr'>quidue</span> <span class='ocrx_word' id='word_1_107' title='bbox 866 1648 979 1707; x_wconf 75' lang='lat' dir='ltr'>possunt?</span> 
     </span>
    </p>

    <p class='ocr_par' dir='ltr' id='par_1_12' title="bbox 262 1732 1126 1794">
     <span class='ocr_line' id='line_1_16' title="bbox 262 1732 1126 1794; baseline 0.002 -11"><span class='ocrx_word' id='word_1_108' title='bbox 262 1735 322 1788; x_wconf 87' lang='lat' dir='ltr'>Ille,</span> <span class='ocrx_word' id='word_1_109' title='bbox 347 1735 387 1792; x_wconf 85' lang='lat' dir='ltr'>qui</span> <span class='ocrx_word' id='word_1_110' title='bbox 398 1734 450 1780; x_wconf 86' lang='lat' dir='ltr'>illas</span> <span class='ocrx_word' id='word_1_111' title='bbox 460 1732 551 1790; x_wconf 83' lang='lat' dir='ltr'>perdit,</span> <span class='ocrx_word' id='word_1_112' title='bbox 575 1732 652 1781; x_wconf 77' lang='lat' dir='ltr'>saluus</span> <span class='ocrx_word' id='word_1_113' title='bbox 666 1733 713 1781; x_wconf 79' lang='lat' dir='ltr'>all:</span> <span class='ocrx_word' id='word_1_114' title='bbox 738 1745 798 1791; x_wconf 78' lang='lat' dir='ltr'>ego,</span> <span class='ocrx_word' id='word_1_115' title='bbox 821 1733 861 1791; x_wconf 85' lang='lat' dir='ltr'>qui</span> <span class='ocrx_word' id='word_1_116' title='bbox 874 1746 920 1780; x_wconf 91' lang='lat' dir='ltr'>non</span> <span class='ocrx_word' id='word_1_117' title='bbox 933 1735 1024 1791; x_wconf 89' lang='lat' dir='ltr'>perdo,</span> <span class='ocrx_word' id='word_1_118' title='bbox 1046 1749 1126 1794; x_wconf 85' lang='lat' dir='ltr'>peteo.</span> 
     </span>
    </p>

    <p class='ocr_par' dir='ltr' id='par_1_13' title="bbox 264 1817 1136 1956">
     <span class='ocr_line' id='line_1_17' title="bbox 264 1817 1136 1879; baseline 0.005 -14"><span class='ocrx_word' id='word_1_119' title='bbox 264 1817 343 1866; x_wconf 66' lang='lat' dir='ltr'>liban.</span> <span class='ocrx_word' id='word_1_120' title='bbox 360 1818 412 1866; x_wconf 77' lang='lat' dir='ltr'>Iam</span> <span class='ocrx_word' id='word_1_121' title='bbox 426 1818 490 1866; x_wconf 91' lang='lat' dir='ltr'>dedit</span> <span class='ocrx_word' id='word_1_122' title='bbox 503 1818 646 1876; x_wconf 74' lang='lat' dir='ltr'>argeutum?</span> <span class='ocrx_word' id='word_1_123' title='bbox 673 1821 733 1876; x_wconf 65' lang='lat' dir='ltr'>Arg.</span> <span class='ocrx_word' id='word_1_124' title='bbox 752 1831 799 1865; x_wconf 90' lang='lat' dir='ltr'>uon</span> <span class='ocrx_word' id='word_1_125' title='bbox 813 1818 882 1865; x_wconf 83' lang='lat' dir='ltr'>dedit</span> <span class='ocrx_word' id='word_1_126' title='bbox 913 1817 990 1865; x_wconf 69' lang='lat' dir='ltr'>libor».</span> <span class='ocrx_word' id='word_1_127' title='bbox 1008 1820 1072 1879; x_wconf 86' lang='lat' dir='ltr'>bono¹</span> <span class='ocrx_word' id='word_1_128' title='bbox 1089 1821 1136 1869; x_wconf 83' lang='lat' dir='ltr'>ani·</span> 
     </span>
     <span class='ocr_line' id='line_1_18' title="bbox 707 1901 974 1956; baseline -0.015 -6"><span class='ocrx_word' id='word_1_129' title='bbox 707 1918 748 1950; x_wconf 88' lang='lat' dir='ltr'>mo</span> <span class='ocrx_word' id='word_1_130' title='bbox 761 1917 802 1956; x_wconf 84' lang='lat' dir='ltr'>es,</span> <span class='ocrx_word' id='word_1_131' title='bbox 823 1916 853 1950; x_wconf 86' lang='lat' dir='ltr'>ne</span> <span class='ocrx_word' id='word_1_132' title='bbox 867 1901 974 1949; x_wconf 67' lang='lat' dir='ltr'>Humida.</span> 
     </span>
    </p>

    <p class='ocr_par' dir='ltr' id='par_1_14' title="bbox 263 1983 1132 2123">
     <span class='ocr_line' id='line_1_19' title="bbox 263 1983 1132 2047; baseline -0.001 -12"><span class='ocrx_word' id='word_1_133' title='bbox 263 1990 327 2035; x_wconf 79' lang='lat' dir='ltr'>Leon.</span> <span class='ocrx_word' id='word_1_134' title='bbox 356 1987 515 2044; x_wconf 65' lang='lat' dir='ltr'>Secedehuo:</span> <span class='ocrx_word' id='word_1_135' title='bbox 536 1985 639 2042; x_wconf 78' lang='lat' dir='ltr'>Libane,</span> <span class='ocrx_word' id='word_1_136' title='bbox 662 1995 685 2035; x_wconf 87' lang='lat' dir='ltr'>te</span> <span class='ocrx_word' id='word_1_137' title='bbox 697 1988 758 2035; x_wconf 85' lang='lat' dir='ltr'>volo.</span> <span class='ocrx_word' id='word_1_138' title='bbox 789 1985 866 2032; x_wconf 67' lang='lat' dir='ltr'>blm</span> <span class='ocrx_word' id='word_1_139' title='bbox 888 1985 973 2042; x_wconf 82' lang='lat' dir='ltr'>siquid</span> <span class='ocrx_word' id='word_1_140' title='bbox 990 1983 1035 2032; x_wconf 80' lang='lat' dir='ltr'>vis.</span> <span class='ocrx_word' id='word_1_141' title='bbox 1071 1989 1132 2047; x_wconf 62' lang='lat' dir='ltr'>Arg.</span> 
     </span>
     <span class='ocr_line' id='line_1_20' title="bbox 707 2072 875 2123; baseline -0.012 -5"><span class='ocrx_word' id='word_1_142' title='bbox 707 2072 799 2118; x_wconf 83' lang='lat' dir='ltr'>obsecro</span> <span class='ocrx_word' id='word_1_143' title='bbox 819 2084 875 2123; x_wconf 83' lang='lat' dir='ltr'>ros,</span> 
     </span>
    </p>

    <p class='ocr_par' dir='ltr' id='par_1_15' title="bbox 260 2153 1133 2212">
     <span class='ocr_line' id='line_1_21' title="bbox 260 2153 1133 2212; baseline 0 -10"><span class='ocrx_word' id='word_1_144' title='bbox 260 2154 350 2202; x_wconf 79' lang='lat' dir='ltr'>Eadem</span> <span class='ocrx_word' id='word_1_145' title='bbox 362 2153 416 2200; x_wconf 82' lang='lat' dir='ltr'>istac</span> <span class='ocrx_word' id='word_1_146' title='bbox 428 2165 499 2210; x_wconf 83' lang='lat' dir='ltr'>opera</span> <span class='ocrx_word' id='word_1_147' title='bbox 511 2154 603 2202; x_wconf 82' lang='lat' dir='ltr'>suauius</span> <span class='ocrx_word' id='word_1_148' title='bbox 617 2155 648 2202; x_wconf 86' lang='lat' dir='ltr'>est</span> <span class='ocrx_word' id='word_1_149' title='bbox 661 2155 793 2212; x_wconf 85' lang='lat' dir='ltr'>complexos</span> <span class='ocrx_word' id='word_1_150' title='bbox 807 2154 913 2201; x_wconf 84' lang='lat' dir='ltr'>fabulari.</span> <span class='ocrx_word' id='word_1_151' title='bbox 1102 2163 1133 2207; x_wconf 83' lang='grc' dir='ltr'>ςο</span> 
     </span>
    </p>
   </div>
   <div class='ocr_carea' id='block_1_7' title="bbox 261 2235 1131 2363">
    <p class='ocr_par' dir='ltr' id='par_1_16' title="bbox 261 2235 1131 2363">
     <span class='ocr_line' id='line_1_22' title="bbox 261 2235 1131 2296; baseline 0.001 -10"><span class='ocrx_word' id='word_1_152' title='bbox 261 2241 340 2286; x_wconf 74' lang='lat' dir='ltr'>Libro.</span> <span class='ocrx_word' id='word_1_153' title='bbox 357 2239 410 2286; x_wconf 88' lang='lat' dir='ltr'>Nou</span> <span class='ocrx_word' id='word_1_154' title='bbox 432 2237 513 2286; x_wconf 82' lang='lat' dir='ltr'>omnia</span> <span class='ocrx_word' id='word_1_155' title='bbox 535 2238 715 2296; x_wconf 70' lang='lat' dir='ltr'>eodenmque</span> <span class='ocrx_word' id='word_1_156' title='bbox 735 2239 860 2292; x_wconf 80' lang='lat' dir='ltr'>omnibus,</span> <span class='ocrx_word' id='word_1_157' title='bbox 889 2240 962 2293; x_wconf 83' lang='lat' dir='ltr'>here,</span> <span class='ocrx_word' id='word_1_158' title='bbox 982 2235 1066 2285; x_wconf 84' lang='lat' dir='ltr'>sunuia</span> <span class='ocrx_word' id='word_1_159' title='bbox 1086 2239 1131 2287; x_wconf 73' lang='lat' dir='ltr'>esse</span> 
     </span>
     <span class='ocr_line' id='line_1_23' title="bbox 703 2316 777 2363; baseline -0.014 -1"><span class='ocrx_word' id='word_1_160' title='bbox 703 2316 759 2363; x_wconf 82' lang='lat' dir='ltr'>scito</span> <span class='ocrx_word' id='word_1_161' title='bbox 770 2330 777 2361; x_wconf 92' lang='lat'><strong>:</strong></span> 
     </span>
    </p>
   </div>
   <div class='ocr_carea' id='block_1_8' title="bbox 256 2383 1128 2711">
    <p class='ocr_par' dir='ltr' id='par_1_17' title="bbox 261 2383 884 2457">
     <span class='ocr_line' id='line_1_24' title="bbox 261 2383 884 2457; baseline -0.003 -10"><span class='ocrx_word' id='word_1_162' title='bbox 261 2398 334 2447; x_wconf 86' lang='lat' dir='ltr'>Vobis</span> <span class='ocrx_word' id='word_1_163' title='bbox 350 2399 381 2448; x_wconf 87' lang='lat' dir='ltr'>eil</span> <span class='ocrx_word' id='word_1_164' title='bbox 393 2397 463 2447; x_wconf 84' lang='lat' dir='ltr'>suaue</span> <span class='ocrx_word' id='word_1_165' title='bbox 476 2401 607 2448; x_wconf 83' lang='lat' dir='ltr'>amantibus</span> <span class='ocrx_word' id='word_1_166' title='bbox 621 2400 755 2457; x_wconf 79' lang='lat' dir='ltr'>complexos</span> <span class='ocrx_word' id='word_1_167' title='bbox 771 2383 884 2446; x_wconf 85' lang='lat' dir='ltr'>sabulari:</span> 
     </span>
    </p>

    <p class='ocr_par' dir='ltr' id='par_1_18' title="bbox 258 2482 1128 2625">
     <span class='ocr_line' id='line_1_25' title="bbox 258 2482 1128 2550; baseline 0 -19"><span class='ocrx_word' id='word_1_168' title='bbox 258 2482 309 2540; x_wconf 78' lang='lat' dir='ltr'>Ego</span> <span class='ocrx_word' id='word_1_169' title='bbox 329 2484 478 2539; x_wconf 80' lang='lat' dir='ltr'>complexum</span> <span class='ocrx_word' id='word_1_170' title='bbox 494 2485 564 2532; x_wconf 87' lang='lat' dir='ltr'>huius</span> <span class='ocrx_word' id='word_1_171' title='bbox 583 2485 641 2532; x_wconf 87' lang='lat' dir='ltr'>nihil</span> <span class='ocrx_word' id='word_1_172' title='bbox 655 2497 741 2533; x_wconf 88' lang='lat' dir='ltr'>moror.</span> <span class='ocrx_word' id='word_1_173' title='bbox 785 2487 846 2530; x_wconf 72' lang='lat' dir='ltr'>leur.</span> <span class='ocrx_word' id='word_1_174' title='bbox 862 2496 948 2550; x_wconf 28' lang='lat' dir='ltr'>&#39;meum</span> <span class='ocrx_word' id='word_1_175' title='bbox 968 2490 1050 2531; x_wconf 84' lang='lat' dir='ltr'>autern</span> <span class='ocrx_word' id='word_1_176' title='bbox 1070 2484 1128 2538; x_wconf 80' lang='lat' dir='ltr'>haee</span> 
     </span>
     <span class='ocr_line' id='line_1_26' title="bbox 707 2568 845 2625; baseline -0.014 -11"><span class='ocrx_word' id='word_1_177' title='bbox 707 2568 845 2625; x_wconf 84' lang='lat' dir='ltr'>aspernatur.</span> 
     </span>
    </p>

    <p class='ocr_par' dir='ltr' id='par_1_19' title="bbox 256 2648 1005 2711">
     <span class='ocr_line' id='line_1_27' title="bbox 256 2648 1005 2711; baseline 0.003 -15"><span class='ocrx_word' id='word_1_178' title='bbox 256 2650 358 2697; x_wconf 82' lang='lat' dir='ltr'>Proinde</span> <span class='ocrx_word' id='word_1_179' title='bbox 372 2649 430 2698; x_wconf 85' lang='lat' dir='ltr'>istud</span> <span class='ocrx_word' id='word_1_180' title='bbox 443 2649 514 2703; x_wconf 76' lang='lat' dir='ltr'>facias</span> <span class='ocrx_word' id='word_1_181' title='bbox 527 2648 592 2709; x_wconf 86' lang='lat' dir='ltr'>ipse,-</span> <span class='ocrx_word' id='word_1_182' title='bbox 614 2655 675 2711; x_wconf 81' lang='lat' dir='ltr'>quod</span> <span class='ocrx_word' id='word_1_183' title='bbox 692 2653 819 2705; x_wconf 82' lang='lat' dir='ltr'>iaciamus,</span> <span class='ocrx_word' id='word_1_184' title='bbox 839 2653 906 2698; x_wconf 78' lang='lat' dir='ltr'>nobis</span> <span class='ocrx_word' id='word_1_185' title='bbox 917 2651 1005 2699; x_wconf 83' lang='lat' dir='ltr'>suades.</span> 
     </span>
    </p>
   </div>
   <div class='ocr_carea' id='block_1_9' title="bbox 256 2733 1128 2857">
    <p class='ocr_par' dir='ltr' id='par_1_20' title="bbox 256 2733 1128 2857">
     <span class='ocr_line' id='line_1_28' title="bbox 256 2733 1128 2794; baseline 0.003 -13"><span class='ocrx_word' id='word_1_186' title='bbox 256 2739 317 2792; x_wconf 68' lang='lat' dir='ltr'>Arg.</span> <span class='ocrx_word' id='word_1_187' title='bbox 354 2733 405 2791; x_wconf 81' lang='lat' dir='ltr'>Ego</span> <span class='ocrx_word' id='word_1_188' title='bbox 424 2746 497 2790; x_wconf 83' lang='lat' dir='ltr'>vero,</span> <span class='ocrx_word' id='word_1_189' title='bbox 527 2746 550 2786; x_wconf 88' lang='lat' dir='ltr'>et</span> <span class='ocrx_word' id='word_1_190' title='bbox 569 2737 663 2794; x_wconf 83' lang='lat' dir='ltr'>quidem</span> <span class='ocrx_word' id='word_1_191' title='bbox 677 2737 759 2792; x_wconf 80' lang='lat' dir='ltr'>edepol</span> <span class='ocrx_word' id='word_1_192' title='bbox 781 2736 869 2782; x_wconf 81' lang='lat' dir='ltr'>lubens.</span> <span class='ocrx_word' id='word_1_193' title='bbox 897 2735 1000 2790; x_wconf 85' lang='lat' dir='ltr'>interea,</span> <span class='ocrx_word' id='word_1_194' title='bbox 1032 2733 1128 2784; x_wconf 75' lang='lat' dir='ltr'>livide·</span> 
     </span>
     <span class='ocr_line' id='line_1_29' title="bbox 714 2812 1125 2857; baseline 0.017 -9"><span class='ocrx_word' id='word_1_195' title='bbox 714 2813 770 2856; x_wconf 85' lang='lat' dir='ltr'>tur,</span> <span class='ocrx_word' id='word_1_196' title='bbox 1096 2812 1125 2857; x_wconf 82' lang='lat'>55</span> 
     </span>
    </p>
   </div>
   <div class='ocr_carea' id='block_1_10' title="bbox 221 2881 1126 3781">
    <p class='ocr_par' dir='ltr' id='par_1_21' title="bbox 256 2881 1126 3112">
     <span class='ocr_line' id='line_1_30' title="bbox 256 2881 1123 2942; baseline 0.005 -12"><span class='ocrx_word' id='word_1_197' title='bbox 256 2881 380 2930; x_wconf 79' lang='lat' dir='ltr'>concedite</span> <span class='ocrx_word' id='word_1_198' title='bbox 393 2883 455 2931; x_wconf 62' lang='lat' dir='ltr'>istut„</span> <span class='ocrx_word' id='word_1_199' title='bbox 494 2887 556 2931; x_wconf 67' lang='lat' dir='ltr'>bom</span> <span class='ocrx_word' id='word_1_200' title='bbox 573 2887 619 2933; x_wconf 84' lang='lat' dir='ltr'>uin&#39;</span> <span class='ocrx_word' id='word_1_201' title='bbox 634 2888 717 2933; x_wconf 85' lang='lat' dir='ltr'>herum</span> <span class='ocrx_word' id='word_1_202' title='bbox 732 2885 830 2933; x_wconf 76' lang='lat' dir='ltr'>deludi?</span> <span class='ocrx_word' id='word_1_203' title='bbox 856 2882 933 2932; x_wconf 71' lang='lat' dir='ltr'>Libum</span> <span class='ocrx_word' id='word_1_204' title='bbox 952 2883 1050 2942; x_wconf 79' lang='lat' dir='ltr'>dignu’st</span> <span class='ocrx_word' id='word_1_205' title='bbox 1061 2885 1123 2934; x_wconf 81' lang='lat' dir='ltr'>saue</span> 
     </span>
     <span class='ocr_line' id='line_1_31' title="bbox 257 2968 1125 3027; baseline 0.006 -13"><span class='ocrx_word' id='word_1_206' title='bbox 257 2968 319 3014; x_wconf 76' lang='lat' dir='ltr'>Leon</span> <span class='ocrx_word' id='word_1_207' title='bbox 348 2970 401 3016; x_wconf 89' lang='lat' dir='ltr'>Vin’</span> <span class='ocrx_word' id='word_1_208' title='bbox 410 2968 510 3024; x_wconf 72' lang='lat' dir='ltr'>sariam,</span> <span class='ocrx_word' id='word_1_209' title='bbox 536 2979 562 3018; x_wconf 91' lang='lat' dir='ltr'>vt</span> <span class='ocrx_word' id='word_1_210' title='bbox 575 2984 613 3018; x_wconf 88' lang='lat' dir='ltr'>me</span> <span class='ocrx_word' id='word_1_211' title='bbox 628 2972 759 3018; x_wconf 84' lang='lat' dir='ltr'>Phiienium</span> <span class='ocrx_word' id='word_1_212' title='bbox 773 2970 890 3027; x_wconf 79' lang='lat' dir='ltr'>praesente</span> <span class='ocrx_word' id='word_1_213' title='bbox 902 2972 945 3016; x_wconf 87' lang='lat' dir='ltr'>hoo</span> <span class='ocrx_word' id='word_1_214' title='bbox 958 2972 1125 3026; x_wconf 77' lang='lat' dir='ltr'>amplexetur?</span> 
     </span>
     <span class='ocr_line' id='line_1_32' title="bbox 257 3049 1126 3112; baseline 0.01 -17"><span class='ocrx_word' id='word_1_215' title='bbox 257 3049 333 3095; x_wconf 72' lang='lat' dir='ltr'>tilam</span> <span class='ocrx_word' id='word_1_216' title='bbox 350 3051 423 3107; x_wconf 86' lang='lat' dir='ltr'>Cupio</span> <span class='ocrx_word' id='word_1_217' title='bbox 434 3053 518 3101; x_wconf 81' lang='lat' dir='ltr'>hercle.</span> <span class='ocrx_word' id='word_1_218' title='bbox 547 3055 609 3099; x_wconf 81' lang='lat' dir='ltr'>Leon.</span> <span class='ocrx_word' id='word_1_219' title='bbox 625 3054 719 3112; x_wconf 77' lang='lat' dir='ltr'>sequere</span> <span class='ocrx_word' id='word_1_220' title='bbox 732 3059 782 3102; x_wconf 84' lang='lat' dir='ltr'>hau.</span> <span class='ocrx_word' id='word_1_221' title='bbox 812 3058 872 3112; x_wconf 62' lang='lat' dir='ltr'>Arg.</span> <span class='ocrx_word' id='word_1_222' title='bbox 887 3049 1012 3110; x_wconf 81' lang='lat' dir='ltr'>ecquidest</span> <span class='ocrx_word' id='word_1_223' title='bbox 1024 3054 1126 3104; x_wconf 66' lang='lat' dir='ltr'>saluus?</span> 
     </span>
    </p>

    <p class='ocr_par' dir='ltr' id='par_1_22' title="bbox 221 3140 1124 3702">
     <span class='ocr_line' id='line_1_33' title="bbox 708 3140 853 3188; baseline -0.034 0"><span class='ocrx_word' id='word_1_224' title='bbox 708 3141 762 3188; x_wconf 78' lang='lat' dir='ltr'>satis</span> <span class='ocrx_word' id='word_1_225' title='bbox 775 3140 853 3185; x_wconf 81' lang='lat' dir='ltr'>locuti.</span> 
     </span>
     <span class='ocr_line' id='line_1_34' title="bbox 255 3218 1095 3284; baseline 0.004 -15"><span class='ocrx_word' id='word_1_226' title='bbox 255 3218 319 3264; x_wconf 68' lang='lat' dir='ltr'>iarn.</span> <span class='ocrx_word' id='word_1_227' title='bbox 346 3219 493 3280; x_wconf 76' lang='lat' dir='ltr'>Auscultate,</span> <span class='ocrx_word' id='word_1_228' title='bbox 512 3235 581 3284; x_wconf 87' lang='lat' dir='ltr'>atque</span> <span class='ocrx_word' id='word_1_229' title='bbox 595 3239 689 3284; x_wconf 81' lang='lat' dir='ltr'>operam</span> <span class='ocrx_word' id='word_1_230' title='bbox 704 3226 771 3277; x_wconf 87' lang='lat' dir='ltr'>date,</span> <span class='ocrx_word' id='word_1_231' title='bbox 796 3232 820 3268; x_wconf 87' lang='lat' dir='ltr'>et</span> <span class='ocrx_word' id='word_1_232' title='bbox 833 3233 887 3267; x_wconf 90' lang='lat' dir='ltr'>mea</span> <span class='ocrx_word' id='word_1_233' title='bbox 899 3221 958 3269; x_wconf 69' lang='lat' dir='ltr'>ditia</span> <span class='ocrx_word' id='word_1_234' title='bbox 974 3222 1095 3271; x_wconf 78' lang='lat' dir='ltr'>devorate·</span> 
     </span>
     <span class='ocr_line' id='line_1_35' title="bbox 255 3292 1124 3364; baseline 0.006 -14"><span class='ocrx_word' id='word_1_235' title='bbox 255 3301 362 3350; x_wconf 78' lang='lat' dir='ltr'>Primum</span> <span class='ocrx_word' id='word_1_236' title='bbox 376 3307 481 3354; x_wconf 88' lang='lat' dir='ltr'>omnium</span> <span class='ocrx_word' id='word_1_237' title='bbox 494 3310 571 3357; x_wconf 85' lang='lat' dir='ltr'>seruos</span> <span class='ocrx_word' id='word_1_238' title='bbox 584 3322 636 3357; x_wconf 87' lang='lat' dir='ltr'>tuos</span> <span class='ocrx_word' id='word_1_239' title='bbox 650 3323 692 3355; x_wconf 81' lang='lat' dir='ltr'>nos</span> <span class='ocrx_word' id='word_1_240' title='bbox 707 3292 751 3354; x_wconf 63' lang='lat' dir='ltr'>isse</span> <span class='ocrx_word' id='word_1_241' title='bbox 764 3318 811 3352; x_wconf 86' lang='lat' dir='ltr'>non</span> <span class='ocrx_word' id='word_1_242' title='bbox 825 3319 950 3364; x_wconf 80' lang='lat' dir='ltr'>negamus:</span> <span class='ocrx_word' id='word_1_243' title='bbox 1021 3325 1031 3338; x_wconf 94' lang='lat'><strong>·</strong></span> <span class='ocrx_word' id='word_1_244' title='bbox 1091 3313 1124 3355; x_wconf 79' lang='lat'>60</span> 
     </span>
     <span class='ocr_line' id='line_1_36' title="bbox 255 3387 861 3452; baseline 0 -16"><span class='ocrx_word' id='word_1_245' title='bbox 255 3388 301 3436; x_wconf 72' lang='lat' dir='ltr'>Sed</span> <span class='ocrx_word' id='word_1_246' title='bbox 314 3387 332 3434; x_wconf 91' lang='lat' dir='ltr'>si</span> <span class='ocrx_word' id='word_1_247' title='bbox 346 3389 389 3436; x_wconf 84' lang='lat' dir='ltr'>tibi</span> <span class='ocrx_word' id='word_1_248' title='bbox 402 3390 484 3446; x_wconf 83' lang='lat' dir='ltr'>viginti</span> <span class='ocrx_word' id='word_1_249' title='bbox 499 3396 575 3442; x_wconf 80' lang='lat' dir='ltr'>minae</span> <span class='ocrx_word' id='word_1_250' title='bbox 588 3394 682 3452; x_wconf 78' lang='lat' dir='ltr'>argenti</span> <span class='ocrx_word' id='word_1_251' title='bbox 696 3391 861 3448; x_wconf 84' lang='lat' dir='ltr'>proferentur,</span> 
     </span>
     <span class='ocr_line' id='line_1_37' title="bbox 254 3474 1111 3534; baseline 0.002 -16"><span class='ocrx_word' id='word_1_252' title='bbox 254 3474 305 3527; x_wconf 84' lang='lat' dir='ltr'>Quo</span> <span class='ocrx_word' id='word_1_253' title='bbox 319 3486 361 3519; x_wconf 84' lang='lat' dir='ltr'>nos</span> <span class='ocrx_word' id='word_1_254' title='bbox 375 3475 467 3521; x_wconf 82' lang='lat' dir='ltr'>vocabis</span> <span class='ocrx_word' id='word_1_255' title='bbox 480 3479 598 3525; x_wconf 78' lang='lat' dir='ltr'>nomine?</span> <span class='ocrx_word' id='word_1_256' title='bbox 624 3482 684 3534; x_wconf 60' lang='lat' dir='ltr'>Arg.</span> <span class='ocrx_word' id='word_1_257' title='bbox 703 3475 803 3522; x_wconf 80' lang='lat' dir='ltr'>libertos.</span> <span class='ocrx_word' id='word_1_258' title='bbox 834 3476 896 3520; x_wconf 82' lang='lat' dir='ltr'>Leon.</span> <span class='ocrx_word' id='word_1_259' title='bbox 911 3487 957 3520; x_wconf 90' lang='lat' dir='ltr'>non</span> <span class='ocrx_word' id='word_1_260' title='bbox 972 3475 1111 3529; x_wconf 71' lang='lat' dir='ltr'>patronos?</span> 
     </span>
     <span class='ocr_line' id='line_1_38' title="bbox 221 3556 1063 3618; baseline 0.008 -19"><span class='ocrx_word' id='word_1_261' title='bbox 221 3594 223 3599; x_wconf 80' lang='grc'>,</span> <span class='ocrx_word' id='word_1_262' title='bbox 252 3562 312 3618; x_wconf 68' lang='lat' dir='ltr'>Arg.</span> <span class='ocrx_word' id='word_1_263' title='bbox 346 3556 372 3605; x_wconf 89' lang='lat' dir='ltr'>id</span> <span class='ocrx_word' id='word_1_264' title='bbox 385 3557 467 3613; x_wconf 84' lang='lat' dir='ltr'>potius.</span> <span class='ocrx_word' id='word_1_265' title='bbox 496 3561 559 3606; x_wconf 72' lang='lat' dir='ltr'>Lam.</span> <span class='ocrx_word' id='word_1_266' title='bbox 579 3562 661 3618; x_wconf 82' lang='lat' dir='ltr'>viginti</span> <span class='ocrx_word' id='word_1_267' title='bbox 672 3558 749 3605; x_wconf 85' lang='lat' dir='ltr'>minae</span> <span class='ocrx_word' id='word_1_268' title='bbox 763 3558 801 3604; x_wconf 82' lang='lat' dir='ltr'>hio</span> <span class='ocrx_word' id='word_1_269' title='bbox 818 3558 895 3605; x_wconf 87' lang='lat' dir='ltr'>insunt</span> <span class='ocrx_word' id='word_1_270' title='bbox 909 3558 933 3603; x_wconf 93' lang='lat' dir='ltr'>in</span> <span class='ocrx_word' id='word_1_271' title='bbox 947 3559 1063 3606; x_wconf 84' lang='lat' dir='ltr'>crumina.</span> 
     </span>
     <span class='ocr_line' id='line_1_39' title="bbox 252 3640 1020 3702; baseline -0.003 -12"><span class='ocrx_word' id='word_1_272' title='bbox 252 3643 301 3690; x_wconf 80' lang='lat' dir='ltr'>llas</span> <span class='ocrx_word' id='word_1_273' title='bbox 314 3654 373 3702; x_wconf 70' lang='lat' dir='ltr'>ego,</span> <span class='ocrx_word' id='word_1_274' title='bbox 387 3641 405 3691; x_wconf 81' lang='lat' dir='ltr'>s</span> <span class='ocrx_word' id='word_1_275' title='bbox 420 3641 469 3697; x_wconf 81' lang='lat' dir='ltr'>uie,</span> <span class='ocrx_word' id='word_1_276' title='bbox 486 3642 529 3696; x_wconf 80' lang='lat' dir='ltr'>titi</span> <span class='ocrx_word' id='word_1_277' title='bbox 542 3644 609 3694; x_wconf 76' lang='lat' dir='ltr'>datr.</span> <span class='ocrx_word' id='word_1_278' title='bbox 637 3645 698 3700; x_wconf 62' lang='lat' dir='ltr'>virr-</span> <span class='ocrx_word' id='word_1_279' title='bbox 713 3642 738 3691; x_wconf 82' lang='lat' dir='ltr'>‹tl</span> <span class='ocrx_word' id='word_1_280' title='bbox 751 3651 773 3692; x_wconf 87' lang='lat' dir='ltr'>te</span> <span class='ocrx_word' id='word_1_281' title='bbox 787 3640 903 3690; x_wconf 84' lang='lat' dir='ltr'>serualllnt</span> <span class='ocrx_word' id='word_1_282' title='bbox 914 3640 1020 3700; x_wconf 85' lang='lat' dir='ltr'>semper,</span> 
     </span>
    </p>

    <p class='ocr_par' dir='ltr' id='par_1_23' title="bbox 1036 3728 1121 3781">
     <span class='ocr_line' id='line_1_40' title="bbox 1036 3728 1121 3781; baseline 0.024 -5"><span class='ocrx_word' id='word_1_283' title='bbox 1036 3728 1121 3781; x_wconf 71' lang='lat' dir='ltr'>curtios</span> 
     </span>
    </p>
   </div>
   <div class='ocr_carea' id='block_1_11' title="bbox 0 0 1388 4384">
    <p class='ocr_par' dir='ltr' id='par_1_24' title="bbox 0 0 1388 4384">
     <span class='ocr_line' id='line_1_41' title="bbox 0 0 1388 4384; baseline 0 8"><span class='ocrx_word' id='word_1_284' title='bbox 0 0 1388 4384; x_wconf 95' lang='lat' dir='ltr'> </span> 
     </span>
    </p>
   </div>
  </div>
 </body>
</html>
