2767 4384
477 378 899 441 PRAEFATIO·

252 518 330 574 volui,
345 525 412 579 etque
427 517 473 566 alio
485 520 594 575 honeste,
608 521 737 579 sapienter,
753 524 843 573 ethinc
854 525 883 569 ad
897 523 1062 581 perficiendam
1074 528 1118 575 sin·

251 606 497 675 gulosum-nominum
511 607 645 655 felicitatem
659 609 752 665 penitus
764 611 940 656 adcommodare
952 622 960 662 ς
987 620 1066 658 contra
1079 626 1118 658 au·

253 699 301 739 tem
317 690 363 737 alie
376 691 470 748 inepte,
492 692 633 740 neo'mincrl
646 682 700 741 c'nm
713 694 838 749 dedecore,
859 706 930 752 qoem
945 694 1045 750 domno,
1067 695 1119 742 fieri

254 776 430 833 intelligamuss
461 783 500 829 et,
523 777 567 822 hoc
581 774 645 831 niso,
667 791 714 825 oon
729 787 753 824 vt
767 779 868 837 Phryges
886 777 943 824 olim
960 777 1018 824 iusto
1030 779 1118 834 serius.

254 863 294 910 sed
314 873 403 910 mature
418 871 441 909 et
455 862 478 908 in
492 861 543 908 loco
556 863 635 919 sapere
647 862 768 910 discamus.
812 865 885 922 utque
899 863 917 910 fl
929 862 1027 910 sortnllis
1046 865 1119 910 aliun·

255 947 285 995 de
306 946 390 993 isthaec
403 945 482 1003 omnio
494 936 544 992 ΤΕ
558 945 603 992 else
625 947 710 994 melius
730 958 875 1004 promtumm
889 949 985 1005 speres;
1015 962 1070 996 caue
1087 959 1120 996 ta·

255 1045 329 1086 men,
355 1028 550 1079 PLAVTVM
571 1026 660 1077 TlBl
675 1031 776 1088 amplius
793 1032 854 1076 houd
869 1029 918 1077 vsui
934 1030 1039 1079 sciturum
1055 1015 1121 1080 autu·

257 1127 316 1161 rues.
359 1115 421 1162 Nam
435 1117 496 1172 quod
513 1117 541 1163 de
555 1116 697 1174 proprietate
712 1115 805 1173 linguae
820 1116 890 1162 modo
904 1114 1085 1172 obseruauimus,
1095 1118 1121 1164 id

258 1199 352 1257 quidem
369 1199 437 1256 plane
452 1197 485 1245 est
500 1200 650 1254 huiusmodi,
672 1209 698 1248 vt
710 1199 802 1256 inlhper
815 1198 895 1246 heberi
910 1210 934 1245 et
947 1201 1064 1247 contemni
1081 1214 1122 1248 ne·

258 1292 345 1341 queats
373 1284 396 1329 ni
409 1282 468 1330 sorte
482 1285 570 1330 molent
582 1284 683 1342 aliquam
696 1285 822 1338 orationis,
837 1295 861 1332 et
873 1285 910 1333 vel
925 1284 973 1350 line
986 1283 1122 1332 fundamen·

258 1369 309 1420 tis,
332 1364 416 1413 cultui
433 1376 502 1424 utque
518 1367 587 1413 altius
601 1368 668 1414 educi
683 1366 746 1424 posse
762 1368 869 1434 opingris
908 1371 986 1416 Habes
1002 1371 1123 1417 enimuero

257 1463 310 1498 eam
326 1452 350 1497 in
366 1460 415 1498 tem
430 1461 547 1502 oratores,
571 1462 594 1496 et
609 1449 742 1504 historicos,
765 1460 788 1498 et
802 1450 888 1498 multos
904 1450 1027 1508 supientiae
1041 1453 1122 1508 illios,

258 1546 327 1594 quum
342 1535 511 1592 philosophiam
529 1535 665 1589 nominent.
681 1535 791 1580 dodones.
829 1533 876 1580 Eos
890 1532 961 1590 igitur
975 1535 993 1582 li
1008 1535 1070 1595 sequi
1086 1550 1124 1584 ve·

257 1620 304 1674 lis,
322 1620 381 1666 nihil
399 1619 446 1674 esi,
463 1621 524 1676 quod
538 1621 561 1665 in
577 1619 663 1666 iudicio
677 1622 723 1666 hoc
739 1621 806 1668 Tvo
818 1619 937 1677 displicere
951 1620 1024 1677 poffit
1052 1623 1124 1668 Nom·

259 1714 304 1760 que
322 1712 346 1750 et
360 1703 384 1750 iu
399 1703 446 1749 illis
462 1717 516 1752 nere
529 1713 610 1762 regnet
625 1704 702 1763 alique
716 1704 845 1762 proprietas
858 1706 998 1761 verborum,
1018 1706 1066 1754 stne
1079 1716 1126 1764 que

256 1780 383 1838 sententias
397 1804 478 1838 eorum
494 1786 575 1847 cepere
591 1801 617 1836 ec
633 1792 753 1848 perdidere
770 1804 816 1838 non
833 1790 919 1837 liceret.
960 1792 1084 1839 caeterum
1098 1791 1124 1836 hi

259 1888 341 1923 omnes
359 1886 437 1923 tamen
450 1887 546 1933 opernm
561 1875 591 1922 lic
604 1874 651 1922 lere
668 1886 753 1922 nauant
766 1877 810 1923 etti
825 1875 892 1930 suae,
911 1884 996 1923 utnon
1010 1877 1081 1924 oliam
1092 1877 1126 1923 lo·

260 1963 345 2018 quendi
361 1959 548 2007 consuetudinem
563 1958 703 2014 admittant,
725 1960 766 2006 nist
781 1972 852 2016 quum
866 1960 1056 2016 intelligentiores
1074 1973 1126 2017 pro·

260 2047 330 2102 hent‚
353 2048 469 2102 iidemque
490 2041 556 2097 soro,
579 2051 603 2090 et
616 2041 759 2090 sermonibus
774 2042 932 2096 eruditorum,
955 2044 985 2088 ad
1001 2054 1125 2099 quamcun-

262 2143 307 2188 que
323 2133 463 2188 elegantiam
481 2129 581 2175 formati
623 2129 705 2187 Itaque
723 2129 838 2185 permulto
851 2129 886 2174 illi
901 2127 994 2184 quidem
1011 2127 1071 2174 vitae
1087 2127 1127 2173 ho·

228 2276 231 2282 ,
263 2217 355 2265 minum
370 2218 474 2276 priuotoe
489 2225 513 2261 et
528 2213 722 2273 congrelfionihus
740 2213 890 2261 familiarium
906 2213 1058 2268 relinquunts
1086 2214 1129 2259 oh·

260 2301 361 2350 tinenten
376 2303 434 2348 odeo
450 2285 594 2350 consensione
609 2302 666 2358 hio,
682 2310 709 2348 vt
724 2303 851 2357 proprietas
866 2298 990 2346 verborum
1004 2297 1067 2355 quali
1085 2311 1128 2356 pn·

262 2388 324 2434 otico
338 2386 480 2445 stabilietur,
496 2398 561 2436 extro
579 2400 649 2446 quant
664 2386 689 2432 in
704 2385 755 2431 luce
771 2384 863 2440 publice
878 2381 992 2430 versantes
1008 2394 1077 2440 quum
1092 2396 1128 2430 re·

263 2471 349 2519 rilsnme
370 2474 554 2530 progrediuntur.
596 2472 685 2520 Verum
706 2468 724 2516 ii
745 2469 912 2524 negotiorum,
936 2481 995 2527 quae
1015 2469 1127 2526 priuatim

264 2558 367 2604 exerceri
382 2558 469 2612 solent,
491 2568 601 2603 numerus
617 2556 794 2612 haudquaquam
809 2555 886 2600 minor
900 2554 946 2609 est.
969 2558 1039 2613 qu'atn
1054 2554 1129 2612 publi·

265 2651 364 2694 corumt
390 2651 415 2689 et
435 2642 461 2689 in
480 2641 542 2697 illis,
565 2651 651 2701 quanto
672 2638 853 2694 circumspectius
874 2650 923 2683 rem
945 2639 1040 2696 quisque
1063 2638 1129 2685 suam

265 2737 334 2783 cgere
354 2729 468 2781 intendit,
491 2735 556 2775 tento
571 2727 646 2784 magis
661 2723 733 2773 etiem
750 2722 890 2782 significatus
905 2723 992 2781 proprii
1010 2723 1034 2777 in
1052 2725 1128 2771 verbis

266 2821 346 2856 cotom
360 2812 446 2859 habet:
472 2814 580 2871 equidem
596 2812 659 2859 hunc
675 2810 738 2856 velut
754 2809 835 2866 populi
849 2807 979 2854 sermonem
992 2807 1089 2862 itidem,
1106 2813 1130 2853 et

266 2895 352 2950 illum,
367 2896 486 2945 unotnnus
499 2911 514 2944 o
528 2896 596 2945 nohis
609 2894 771 2942 addiscendum
789 2893 834 2940 csse
850 2894 957 2951 credam,
972 2896 1127 2952 legendosque

269 2979 328 3025 odeo
344 2992 391 3025 non
407 2981 459 3027 illoc
473 2993 585 3038 tentum,
609 2981 648 3039 qui
665 2993 702 3028 res
715 2981 815 3032 arduas.
836 2978 945 3034 seueros,
964 2990 1033 3036 atque
1046 2981 1075 3025 ad
1090 2993 1129 3027 ou·

268 3064 369 3121 gendum
385 3064 537 3115 eruditionem
561 3065 661 3114 nostrum
680 3067 804 3116 attinentes
821 3066 872 3114 stilo
889 3065 929 3112 suo
948 3064 1128 3122 persequuntur,

269 3150 308 3197 sed
323 3158 346 3196 et
361 3162 415 3204 eos,
432 3150 472 3206 qui
487 3153 635 3208 quotidiano,
653 3159 723 3210 etque
737 3153 777 3201 vso
791 3153 928 3210 pernnlgnte
943 3149 1079 3205 explicatius
1092 3152 1131 3197 de·

268 3233 376 3283 scribunt.
417 3234 498 3289 Neque
512 3234 679 3291 dubitandum,
694 3238 750 3293 quin
768 3239 813 3284 hoc
829 3235 877 3283 sere
895 3234 966 3281 modo
980 3233 1084 3291 linguam
1097 3234 1132 3282 in·

269 3319 380 3366 ſtruentes
396 3319 504 3376 peginam
522 3324 641 3376 eoumque
655 3323 812 3380 completuri.
833 3332 902 3379 etque
920 3320 994 3366 ntulto
1012 3320 1086 3368 rarius
1106 3323 1132 3369 in

270 3403 423 3459 ipsorummet
439 3403 571 3462 principum
587 3407 703 3452 rusiorum
718 3409 813 3456 lectione
830 3404 939 3453 offensuri
954 3406 1039 3461 simus,
1061 3420 1133 3466 quam

271 3486 290 3534 s
311 3486 406 3534 coeteris
429 3487 537 3546 negtedie
558 3485 617 3535 soloe
642 3489 708 3537 hosce
733 3491 757 3537 in
779 3488 868 3538 deliciis
891 3487 999 3537 suemus
1043 3493 1134 3540 scilicet

273 3567 469 3630 incontingens
484 3571 531 3628 eli.
554 3584 614 3633 quse
631 3575 785 3626 locutionsoos
802 3578 832 3625 ml
849 3588 945 3625 omnem
965 3587 1015 3623 tem
1035 3574 1134 3623 hmilie·

1082 3669 1133 3707 sm
