2767 4384
285 397 356 482 164
513 408 559 461 ur.
584 411 713 464 ucc11
738 413 915 466 uunvu1

282 557 388 610 Namque
403 549 511 597 incubare
525 550 594 598 iatius
607 561 630 598 te
646 551 720 598 iuerat
733 551 799 607 Ioui,

282 640 327 695 Qui
341 638 383 684 tibi
397 635 510 682 auxilium
524 636 547 680 in
563 636 709 681 iureiurando
721 637 772 683 fuit
858 624 863 631 ’

283 727 344 783 (app.
373 721 491 779 Siquidem
505 722 613 769 incubare
627 723 713 775 veiint,
736 721 776 778 qui
788 720 975 778 retinuerint.

280 811 354 855 Locus
364 821 411 854 nou
424 807 528 862 praeberi
541 805 602 861 potis
616 805 683 852 estin
698 806 818 862 capitolio.

283 897 341 952 sequ.
370 893 421 940 Hoc
438 892 542 938 animum
556 894 666 938 aduorte:
692 905 774 949 pacem
793 894 822 939 ab
837 892 974 962 Aesfuiapiu
1131 906 1160 945 ru

280 982 363 1033 Peter,
388 992 417 1025 ue
430 977 488 1025 forte
503 980 545 1024 ribi
560 979 651 1025 eueniat
665 990 775 1034 magnum
790 979 894 1032 malum.

280 1068 347 1121 Quod
361 1067 384 1111 in
399 1066 475 1121 quiete
488 1066 530 1112 tibi
544 1075 677 1122 portentum
687 1062 719 1109 ‘st
751 1065 811 1120 Capp.
829 1064 887 1110 bene
900 1061 965 1110 facis.

279 1153 401 1210 ibuntque
416 1153 493 1218 urabo.
524 1154 581 1208 (σφι.
597 1162 656 1206 quae
668 1161 707 1193 res
717 1149 778 1194 maie
792 1156 868 1194 vortat
881 1148 931 1194 tibi.

281 1238 349 1282 Paliu.
373 1238 417 1282 Pro
432 1237 456 1281 di
469 1236 630 1290 immortales,
650 1247 720 1291 quem
733 1231 860 1288 conspicio!
887 1233 927 1290 qui
940 1232 993 1281 iuir
1007 1233 1067 1282 est?
1103 1230 1108 1243 '

279 1324 347 1371 Estne
361 1324 399 1368 hic
412 1321 541 1374 Parasstus,
559 1320 599 1377 qui
612 1318 679 1366 miffu
688 1320 713 1366 ’st
726 1320 751 1364 iu
761 1319 872 1366 Cariam?
1128 1330 1154 1374 ις

278 1411 343 1457 Heus
356 1411 514 1457 Phaedrome,
539 1405 591 1457 exi,
614 1404 668 1449 exi:
698 1405 750 1458 exi,
774 1406 885 1462 inquam.
907 1416 987 1463 ocyus.

283 1494 358 1540 Phaed.
375 1493 419 1546 Qui
434 1491 482 1536 istic
496 1487 622 1535 clamorem
635 1489 718 1535 toliis?
746 1492 815 1536 Paiin.
831 1490 962 1537 Parafitum
975 1498 1051 1538 ruurn

278 1581 354 1627 Video
366 1586 539 1629 occurrentem,
560 1572 632 1621 elium
646 1586 717 1631 usque
731 1575 756 1620 iu
770 1576 846 1631 platea
858 1575 948 1637 vitirnn.

278 1664 339 1711 iiiuc
352 1661 522 1715 auscultemus,
542 1661 598 1718 quid
611 1668 670 1717 agat,
701 1659 845 1706 Phaen'sane
859 1659 947 1707 censeo.

411 1843 573 1901 Achs
608 1843 659 1898 1r.
736 1841 900 1900 SCENA·
934 1840 1015 1899 111.

307 1977 522 2029 cVucVLIO,
539 1975 844 2029 pannonum,
869 1978 1005 2022 rernm
1017 1979 1127 2027 unus.

254 2130 259 2141 .
277 2053 426 2128 Dareium
439 2081 499 2128 mihi
514 2081 563 2128 uoti
577 2090 646 2136 atque
660 2080 749 2137 ignoti,
773 2080 829 2125 dum
842 2091 884 2136 ego
898 2081 937 2126 hic
949 2081 1064 2133 officium
1077 2098 1148 2135 rurum

277 2146 359 2211 Facie:
385 2165 458 2222 fugite
472 2179 568 2221 omnes,
584 2166 660 2222 abite,
677 2174 701 2214 et
712 2167 741 2213 de
755 2167 793 2213 uia
806 2167 920 2213 secedite:

278 2251 314 2298 Ne
328 2263 398 2308 quem
411 2252 437 2299 in
451 2249 518 2299 cursu
532 2251 621 2310 capite,
637 2261 678 2300 aut
692 2252 785 2303 cubito,
798 2261 839 2311 eut
852 2252 942 2307 perum
957 2252 1101 2314 ostendam,
1116 2265 1151 2305 rut

758 2339 825 2385 genu.

277 2414 313 2460 lta
327 2425 387 2459 nunc
400 2411 491 2466 subito,
517 2427 631 2473 propere,
654 2422 678 2460 et
691 2413 765 2462 celere
778 2413 892 2459 obierium
907 2411 932 2459 ’st
944 2413 1006 2462 mihi
1022 2421 1150 2479 negotium„

276 2500 325 2546 Nec
339 2499 460 2555 quisquam
473 2497 502 2546 fit
515 2510 562 2546 tem
576 2501 714 2557 opulentus.
738 2497 778 2554 qui
791 2497 850 2543 mihi
863 2496 953 2546 obsistat
967 2502 991 2547 iu
1010 2505 1069 2562 via,
1140 2517 1150 2561 ς

275 2585 325 2630 Nec
338 2583 465 2641 strategus,
488 2596 530 2631 nec
544 2592 654 2641 tyrannus
666 2583 803 2640 quisquam.
826 2594 869 2628 uec
880 2595 1058 2647 agarenorum,

275 2671 324 2718 Nee
338 2670 490 2725 demarchus,
511 2683 553 2716 uer
565 2671 714 2720 comnenus,
734 2680 777 2712 nec
792 2680 845 2712 cum
859 2676 923 2713 tauta
935 2668 1028 2727 gloria,

275 2757 335 2809 Quin
350 2757 432 2810 undar,
453 2756 509 2812 quin
523 2755 596 2810 capite
610 2754 670 2817 sistet
683 2755 708 2800 in
722 2753 760 2800 vin
774 2754 802 2800 de
814 2753 902 2801 sennitu

274 2842 339 2892 Tum
351 2843 385 2891 isti
399 2843 481 2891 Graeci
493 2841 596 2897 palliati,
619 2841 695 2896 capite
708 2850 789 2896 operto
809 2841 849 2898 qui
862 2840 1000 2896 ambulant,

275 2927 319 2981 Qui
333 2928 442 2972 incedunt
455 2925 593 2972 suffarcinati
607 2937 660 2971 cum
672 2925 755 2979 libris,
774 2939 829 2974 curn
842 2927 963 2984 spanniis,
1124 2942 1151 2980 ιο

274 3009 396 3062 Constant.
420 3009 541 3058 conferunt
553 3023 635 3056 omues
648 3010 765 3058 sermones
778 3011 839 3060 iuter
850 3011 896 3059 sese
909 3015 1040 3072 cirenem:

273 3091 384 3144 obstant,
405 3093 529 3150 obfistuut.
550 3095 659 3144 incedunt
672 3110 726 3143 cum
742 3096 788 3143 iuis
801 3099 925 3147 sententiis.

272 3173 335 3227 Quos
347 3175 435 3232 semper
451 3180 528 3228 videus
542 3183 639 3227 bibente·
659 3180 705 3227 eii'e
717 3183 741 3228 in
754 3184 938 3240 Thermopniiu:

271 3259 316 3307 Vbi
331 3262 385 3314 quid
396 3262 543 3321 surripuere,
566 3277 646 3321 opertu
658 3269 760 3322 capitulo
775 3269 875 3316 calidum
888 3272 986 3326 bibunt,

272 3343 359 3391 Tristes
371 3353 439 3399 arque
450 3349 534 3413 euripii
545 3351 655 3397 incedunt
664 3366 683 3407 ε,
693 3366 732 3399 eus
746 3366 789 3410 ego
804 3354 820 3400 sn
835 3355 969 3410 offendero,
1121 3369 1146 3413 15

270 3430 306 3476 Ex
320 3443 456 3487 unoquoque
470 3446 551 3482 eurum
566 3434 654 3480 exulum
666 3438 780 3492 crepitum
794 3440 957 3492 poienturium.

274 3515 400 3585 Turniffi,
423 3519 462 3572 qui
476 3519 560 3565 luriunt
571 3520 667 3567 datatim
677 3519 737 3567 serui
751 3521 877 3568 scurrarum
893 3526 916 3570 iu
929 3526 982 3581 via.

218 3590 224 3599 “
271 3597 418 3654 Budarem,
441 3612 465 3648 er
478 3602 573 3650 fatiores
586 3617 668 3651 omnen
681 3606 777 3652 fundum
790 3605 831 3653 sub
843 3607 925 3677 solum.
