2767 4384
289 401 364 471 224
520 360 926 456 ao.acc11euaun1

292 543 368 602 [aurp.
382 541 459 588 imaro
469 541 582 586 meretrix
594 522 655 594 fuit}
679 540 718 589 sed
732 549 757 589 vt
770 542 813 596 dt.
833 544 862 591 de
876 559 904 592 ea
916 560 942 593 re
953 546 1058 605 aequm.

289 629 342 680 lam
356 607 509 685 perdu'oeiiam
519 622 588 670 'illam
602 618 632 670 ad
646 619 684 672 m'e
698 625 791 675 irradeia
803 641 871 677 mea:
999 616 1008 621 ⁰

290 716 355 764 Anus
367 713 389 760 ei
400 711 507 779 amplexa
520 709 552 758 est
563 723 657 770 genua,
680 712 789 768 plorata,
809 713 944 771 obiectans,
1001 758 1005 769 .
1129 724 1158 766 ar
1191 728 1196 756 u

242 806 245 814 ’
290 801 328 849 Ne
342 798 429 847 deserat
442 796 480 845 se:
502 808 556 843 eam
568 795 634 842 suam
646 795 692 844 eiie
706 796 797 852 filiam,
1148 810 1150 815 ·

257 879 264 893 “
291 885 366 940 Seque
380 895 432 929 eam
445 879 573 942 peperiffe,
597 881 670 927 sande
683 864 805 933 adiutam
818 886 885 932 mihi.

290 970 379 1026 Istone,
397 981 466 1027 quam
480 969 586 1026 quaeris,
601 968 691 1025 inquit,
709 969 853 1026 egosmieae
866 981 934 1019 meae
1021 1020 1024 1025 ,

290 1057 366 1110 Dedi,
389 1068 447 1112 quae
461 1055 569 1101 educator
582 1065 634 1099 eam
648 1065 691 1108 pro
705 1052 780 1101 filiola
792 1053 840 1102 ius.
1192 1104 1195 1115 ,

290 1134 408 1195 Etviuit,
431 1139 514 1197 inquit.
542 1138 581 1185 vbi
595 1151 624 1185 ea
637 1138 689 1185 eii?
714 1139 811 1197 inquam
824 1137 966 1198 extempuio.
1130 1145 1157 1194 so
1190 1178 1193 1203 Ι.

279 1210 360 1279 ¹lima.
389 1228 484 1275 Seruate
499 1237 538 1272 me
551 1224 597 1272 Dei
610 1225 710 1272 obsecro.
738 1224 794 1272 Mei
809 1237 835 1272 at
848 1223 1003 1283 disperditis.

293 1315 359 1361 Pham
390 1312 450 1367 Quoi
464 1311 529 1357 iilam
544 1311 640 1359 dediiset
653 1309 773 1369 exquiiifl'e
784 1311 893 1377 oportuio

293 1402 369 1458 Luam
387 1395 509 1452 Quaefini:
529 1404 552 1441 et
566 1397 641 1451 dixit,
657 1396 774 1445 meretrici
788 1395 923 1442 Melaenidi.

292 1484 348 1532 Mei.
385 1484 469 1529 Meum
482 1480 587 1528 elocutus
601 1480 634 1528 eii
647 1493 740 1528 nomen.
770 1481 855 1528 interii.
927 1546 930 1552 .

294 1575 370 1630 unp.
384 1568 431 1615 Vbi
443 1567 534 1613 elocuta
548 1565 594 1621 est,
615 1578 658 1625 ego
671 1567 780 1614 continuo
793 1579 865 1614 anum
878 1567 1012 1625 interrogo:

293 1658 341 1707 Vbi
354 1656 458 1707 habitat,
479 1652 592 1711 inquam.
616 1654 661 1701 due
671 1667 699 1701 ae
712 1651 841 1699 demonstra
854 1652 920 1699 milri.

293 1741 378 1790 dueta
392 1738 438 1791 est,
461 1737 551 1793 inquit,
571 1730 667 1796 peregre
681 1737 885 1785 hinohahitatum.
915 1738 971 1784 Mei.
986 1735 1076 1794 obiipat

293 1824 416 1883 aquatam.
445 1823 524 1881 Lamp.
536 1836 582 1881 quo
593 1825 671 1870 auecta
684 1823 731 1877 eii,
752 1836 780 1871 eo
791 1822 920 1882 sequemur.
948 1823 1031 1870 {iccine

239 1902 242 1910 ’
294 1909 349 1966 agis
361 1909 453 1964 nugas?
476 1907 581 1964 periisti,
602 1920 632 1954 ne
646 1909 723 1954 hercle
737 1910 871 1966 hoclonge.
901 1908 976 1965 destiti

294 1993 380 2039 instare
392 2002 463 2047 osque
477 1993 552 2044 adeo,
578 1992 652 2036 donec
663 1992 686 2037 se
700 1995 863 2041 adiurat-anus

294 2080 346 2127 Iam
356 2077 415 2122 mihi
429 2076 561 2124 monstrare.
592 2077 658 2124 Phan.
673 2087 699 2125 at
711 2090 759 2124 non
771 2077 862 2124 miii'am
875 2081 985 2135 oportuit.

296 2166 373 2223 Lamp.
389 2165 513 2211 struatur:
533 2162 571 2211 sed
584 2158 651 2211 illaec
664 2163 687 2211 ie
703 2165 829 2223 quamdam
842 2164 918 2210 aiebat
931 2163 1055 2212 mutierem

219 2233 221 2236 ’
296 2250 367 2297 Suam
377 2248 556 2296 beneuolentem
569 2250 694 2297 conuenire
708 2251 778 2299 etiarn
791 2252 871 2308 prius,
917 2303 921 2315 .
970 2286 972 2290 -

295 2336 439 2386 Commune,
453 2343 505 2390 *qua
519 2346 573 2382 cum
585 2336 611 2382 id
625 2334 680 2383 effer
692 2336 735 2399 iihi
749 2337 876 2398 negotium.
1188 2380 1191 2413 ἱ

295 2421 326 2469 Et
339 2420 383 2466 l'cio
397 2430 527 2466 venturam.
557 2420 611 2466 Mel.
627 2434 666 2467 me
680 2421 806 2478 indicabit,
829 2433 853 2470 et
865 2422 916 2470 suas
1128 2420 1152 2468 ἧς
1188 2424 1191 2489 i

294 2510 330 2557 Ad
344 2521 407 2554 meas
420 2507 523 2553 miserias
537 2506 612 2551 addet.
644 2505 710 2550 Phar.
725 2507 762 2554 fac
775 2523 814 2556 me
826 2509 946 2556 coniciam.
1189 2502 1191 2513 '

295 2595 356 2650 Quid
369 2607 430 2642 inuno
440 2594 474 2639 vis
484 2593 558 2638 facere
569 2594 627 2638 me?
655 2594 732 2649 Lanrp.
748 2592 808 2639 intro
818 2593 872 2648 abi,
888 2606 957 2652 atque
967 2590 1047 2639 antimo
1056 2590 1116 2636 bono
1126 2595 1152 2632 tt.

294 2668 338 2728 Vir
351 2692 420 2734 tuus,
442 2680 460 2726 fi
474 2679 566 2727 veniet,
585 2678 639 2724 iube
653 2680 717 2724 domi
731 2679 872 2732 opperirier,
1191 2716 1193 2771 Ι

295 2768 331 2812 Ne
344 2767 368 2812 in
383 2765 512 2822 quaestione
526 2761 584 2808 mihi
598 2761 640 2816 fit,
663 2762 749 2821 iiquid
764 2775 817 2808 eunt
830 2762 908 2808 velint.
1191 2782 1193 2797 ι

296 2851 345 2906 Ego
360 2851 388 2894 ad
402 2862 473 2893 anunm
487 2859 580 2894 recurro
594 2846 690 2892 rursum.
722 2845 788 2891 Phara
810 2847 952 2904 Lampadio,
968 2845 1076 2900 obsecro,
1129 2848 1156 2892 50
1192 2860 1194 2873 ·

297 2935 362 2980 Cura
391 2936 467 2991 Lamp.
481 2930 607 2988 perfeetum
622 2941 664 2986 ego
678 2932 723 2977 hoc
735 2933 796 2977 dabo
809 2933 938 2991 negotium·
957 2966 959 2971 -

297 3017 365 3063 Phan.
380 3008 455 3064 *neos
467 3029 534 3072 reque
544 3015 616 3070 spero.
648 3019 725 3074 Lamp.
741 3019 834 3064 eosdem
844 3029 902 3073 ego,
918 3017 951 3064 vti
963 3017 1049 3063 habeas
1058 3016 1153 3063 domun.

297 3103 351 3146 Mel.
389 3100 523 3147 Adolescens
538 3099 614 3155 adsta,
628 3103 767 3158 atqueandi.
798 3104 875 3160 Lamp.
891 3102 1061 3154 men’muliet,
1076 3098 1155 3147 vous?
1195 3104 1197 3141 i

297 3187 351 3231 Mel.
390 3187 433 3232 Te.
465 3188 541 3244 Lamp.
558 3185 614 3242 quid
624 3187 774 3244 negoniene
788 3199 842 3233 nam
851 3196 975 3244 occupante
985 3186 1036 3233 inm
1047 3185 1155 3243 ampliter.

297 3268 352 3315 Mel.
392 3269 448 3322 Quis
462 3270 628 3317 istichabitat?
656 3275 733 3330 Lamp.
752 3271 883 3327 Demipho,
906 3272 1016 3319 dominus
1028 3284 1102 3319 mens.
1129 3274 1153 3320 55

297 3357 352 3402 Mel.
391 3358 481 3412 Nempe
494 3358 542 3402 istic
556 3357 602 3410 est,
625 3359 663 3415 qui
678 3358 846 3404 Alcesimarcho
858 3356 932 3403 filiam

298 3441 369 3488 Suam
382 3438 501 3496 despondit
514 3443 538 3487 in
552 3441 645 3488 diuitias
657 3444 798 3487 maxumas?

298 3528 375 3585 camp.
391 3527 414 3572 ts
427 3525 487 3582 ipsus
502 3526 539 3572 en
568 3527 621 3571 aa
636 3527 680 3572 eno
694 3535 735 3580 tu,
758 3539 828 3583 quan
840 3540 881 3575 vos
894 3527 964 3587 intur
979 3526 1056 3579 atam
1077 3506 1079 3517 '

298 3613 366 3659 Nunc
380 3611 511 3669 quaeritatis
523 3611 640 3658 alteram?
666 3613 744 3670 caup.
759 3625 803 3670 ego
817 3613 893 3660 dicam
905 3613 963 3667 tibi,
1108 3675 1128 3724 N

332 3712 335 3718 .
1128 3687 1155 3720 on
