2767 4384
264 392 334 465 182
495 400 541 454 n.
565 398 697 455 Accu
721 400 899 468 euxvxn

260 544 322 590 Nam
336 541 457 590 iuniorum
476 541 517 598 uui
529 539 597 595 sunt,
621 552 668 585 non
681 520 782 594 norunt,
804 538 857 587 ido.

259 629 350 675 Verum
369 636 394 674 nt
407 626 557 684 cognoscant,
578 625 686 673 dabimus
703 638 800 681 operam
812 613 898 671 se‘uuln

260 714 337 766 llaec,
359 724 430 771 quom
442 712 545 769 orimum
560 712 608 758 ulla
621 710 669 766 est,
692 711 748 758 vicit
761 724 842 760 onmes
855 708 961 758 Fabulae.

260 799 296 844 Ee
310 800 444 855 tempestate
456 797 500 845 flos
512 797 712 859 Poetneum-fuit.

262 883 307 938 Qui
321 884 502 932 nunc-abierunt
515 886 570 931 hinc
584 884 608 931 in
621 894 771 929 communem
783 881 870 931 locum·
902 939 905 944 ¹

261 968 306 1014 Sed
320 968 424 1015 absentes
437 978 517 1016 tamen
530 969 627 1026 prosunt
641 968 807 1025 praesentibus.

260 1052 309 1097 Vos
323 1066 403 1101 omnes
415 1067 485 1109 opere
500 1065 586 1110 magno
598 1052 643 1099 elle
658 1063 735 1098 oratos
748 1053 816 1106 volo,

260 1134 379 1192 Benigne.
402 1148 427 1186 vt
442 1152 539 1199 operam
553 1138 612 1185 detis
626 1140 655 1183 etl
670 1137 774 1184 nostrum
798 1136 975 1185 GREGEM.
1031 1184 1036 1195 ,

260 1217 342 1283 [llicite
356 1236 384 1268 ex
400 1223 478 1269 enimc
493 1236 572 1270 curam
589 1231 658 1281 atque
669 1223 774 1273 alienum
787 1236 842 1270 ees:

203 1314 209 1333 ’
260 1307 296 1351 Ne
309 1309 359 1362 quis
374 1308 484 1357 formidet
497 1288 654 1367 flagitatorem
666 1309 741 1354 suuni.

260 1393 319 1438 Ludi
333 1393 392 1440 sunt.
423 1397 491 1440 ludus
506 1395 573 1440 datus
588 1393 619 1438 ell
635 1392 779 1451 argentariis.

260 1477 427 1533 Tranquillum
440 1479 478 1524 est.
508 1477 632 1525 Alcedonia
647 1477 700 1524 lunt
714 1478 801 1523 circum
816 1478 901 1524 fotum.

259 1560 357 1607 Ratione
373 1571 484 1617 utuntur,
509 1564 570 1608 ludis
583 1563 679 1619 poscunt
695 1561 829 1614 neminem

260 1645 393 1706 Secundum
406 1645 473 1692 ludos
486 1649 587 1694 reddunt
599 1658 679 1694 eutem
694 1648 790 1693 nemini.
853 1689 855 1698 ,

261 1731 333 1775 Aures
346 1731 439 1776 cuninae
451 1730 468 1777 si
482 1733 549 1787 sune,
572 1734 679 1781 animum
692 1734 825 1781 aduertitez

261 1813 400 1860 Conioeiliae
414 1830 501 1866 nomen
516 1821 570 1866 dare
589 1797 656 1867 vobio
670 1819 731 1867 uolo.

260 1900 304 1946 cn
316 1901 545 1951 exvnenoe
566 1915 661 1950 vocatur
675 1884 873 1954 neee'comoena

261 1987 365 2041 Graece,
391 1990 472 2036 Latine
495 1991 678 2039 SORTlEN
688 1990 772 2037 Tes.
802 1988 912 2045 Diphilus

261 2073 327 2120 lianc
340 2074 428 2120 Graece
442 2075 544 2132 scriplie,
565 2076 615 2133 poll
627 2070 653 2121 'in
666 2073 759 2121 rursum
773 2075 850 2120 denuo

262 2159 343 2205 Latine
365 2161 552 2209 PLAVTVS
574 2173 626 2207 cum
648 2160 866 2208 LnTnnnTl
894 2157 1081 2208 NOMINE.

263 2247 339 2292 Senex
353 2247 391 2291 hic
405 2246 503 2293 maritus
523 2246 626 2298 habitat,
648 2245 679 2291 eii
692 2240 724 2292 est
738 2246 816 2300 lilius,
1121 2255 1150 2305 35

262 2329 286 2374 ls
299 2343 343 2374 vno
357 2343 410 2376 cum
426 2332 493 2377 Patre
506 2331 530 2377 in
541 2331 615 2379 illisce
626 2332 721 2379 inablut-
730 2331 844 2378 aedium(

262 2414 301 2462 Est
316 2414 345 2462 eii
359 2416 453 2472 qnidam
466 2415 560 2471 seruus,
581 2419 621 2475 qui
636 2419 659 2464 in
675 2418 757 2464 morbo
770 2418 853 2470 cubet3

262 2499 340 2545 Immo
353 2500 430 2544 hercle
445 2512 499 2545 vero
514 2502 538 2545 in
550 2501 625 2554 lello,
648 2515 677 2548 ne
691 2503 746 2559 qnid
760 2502 865 2549 mentiar.
943 2548 945 2553 ,

262 2582 286 2628 ls
299 2582 391 2636 seruos,
414 2582 452 2628 sed
465 2587 549 2631 abhinc
563 2599 634 2631 annos
646 2585 732 2632 sennim
747 2586 779 2632 est
790 2578 906 2643 sedecim,

264 2669 341 2721 Quom
354 2668 496 2724 conspicatus
509 2670 540 2716 est
554 2670 631 2726 ptimo
643 2669 775 2725 crepusculo
927 2654 929 2659 ¹

265 2755 370 2800 Puellam
385 2755 476 2810 exponi.
506 2754 554 2799 adit
568 2755 685 2812 extemplo
700 2756 729 2800 ad
743 2742 880 2809 mullerem.
975 2750 977 2754 ’

267 2839 330 2891 Quae
342 2840 407 2885 illam
420 2838 563 2895 exponebat:
585 2848 652 2892 orat,
674 2849 700 2886 vt
713 2854 766 2888 eam
778 2842 817 2888 det
826 2841 884 2888 fibi:

269 2922 369 2977 Exorat,
390 2925 478 2978 aufert,
504 2924 587 2970 detulit
597 2926 656 2971 telio
670 2928 783 2973 domum:

270 3005 317 3049 Dat
329 3008 398 3055 heroe
410 3009 478 3063 suae,
501 3019 565 3063 orat,
590 3018 614 3056 vt
628 3023 680 3056 eam
692 3021 772 3064 curet,
794 3014 883 3062 educet.
918 2990 921 2997 Ι

271 3088 334 3132 Hera
346 3090 415 3145 lacit.
437 3094 544 3140 educauit
557 3107 641 3152 magna
654 3096 779 3149 industria.

273 3170 357 3223 Quali,
376 3172 462 3221 stellet
475 3190 504 3222 ex
517 3177 539 3222 le
554 3187 621 3231 nato,
642 3191 689 3224 non
707 3181 781 3226 multo
794 3181 866 3226 secun.

275 3252 396 3306 Postquam
410 3259 509 3307 adoleuit
522 3265 551 3308 ad
565 3276 616 3310 eam
630 3272 746 3316 aetatem,
768 3264 802 3308 vti
815 3262 871 3310 viru

277 3340 369 3388 Placere
383 3339 468 3393 P⁰ffet3
490 3355 514 3388 at
524 3358 578 3404 eum
592 3347 694 3402 puellam
708 3347 749 3393 hic
761 3342 831 3401 senen¹

278 3427 346 3471 Amat
360 3420 476 3475 efflictim,
498 3429 589 3473 etitem
603 3418 682 3473 contr'a
695 3420 766 3472 lilius.

279 3507 327 3556 Sibi
341 3515 401 3550 nnnc
415 3512 508 3557 vterque
527 3521 606 3556 eontra
617 3500 719 3569 legiones
733 3517 814 3563 umet.

282 3596 361 3644 Patet,
381 3586 502 3642 filiusque,
523 3589 582 3634 clam
595 3586 652 3637 eluet
666 3590 773 3637 alterum.
