2767 4384
946 806 951 811 “
1040 794 1659 874 cvnchro.
2089 805 2224 875 161

486 957 619 1004 num
676 957 796 1005 mnu
835 956 1093 1005 atam-eant
1136 944 1348 1005 'inuidere
1365 987 1382 1009 ,
1447 955 1536 1075 ιίῑιι
1579 957 1769 1014 quisque
1812 955 2047 1009 habeant,
2109 956 2233 1014 quoa

1480 1042 1592 1076 uum
1622 1030 1700 1077 est.

491 1115 638 1160 Palin.
687 1114 808 1168 Quid
831 1123 882 1161 tu
908 1114 1131 1163 Veneriu’
1156 1115 1434 1174 peruigilare
1462 1127 1509 1163 te
1539 1116 1701 1163 vduisti
1731 1117 2058 1167 Phaedrome?
2168 1129 2231 1174 25

488 1201 618 1246 Nam
645 1199 732 1245 hoo
758 1198 945 1261 quidem
973 1201 1137 1256 edepol
1178 1202 1302 1246 haud
1345 1202 1497 1247 multo
1540 1201 1638 1257 post
1663 1202 1765 1249 luce
1802 1204 1988 1252 lucebit.
2075 1206 2230 1256 Phaed.

1460 1281 1572 1317 tace.

493 1355 636 1401 Palin.
681 1355 803 1409 Quid
830 1358 1050 1402 taceam?
1099 1356 1214 1412 quin
1241 1363 1293 1402 tu
1325 1355 1365 1401 is
1394 1356 1690 1402 dormitum⁹
1750 1357 1902 1406 Phaed.
1933 1363 2143 1443 dormio,
2174 1380 2234 1415 ne

1459 1437 1737 1485 neelamites.

490 1522 632 1567 Palin.
675 1522 754 1568 Tu
794 1522 983 1578 quidem
1028 1517 1208 1575 vigilas.
1323 1518 1477 1566 Phaed
1526 1532 1573 1567 at
1601 1537 1708 1569 meo
1736 1537 1866 1573 more
1894 1525 2109 1574 dormio:
2157 1529 2235 1577 hic

424 1595 429 1599 ·
1453 1587 1616 1634 somnu
1631 1588 1684 1633 ’st
1711 1591 1843 1635 mihi.

491 1674 636 1719 Palin.
680 1675 808 1721 Heus
848 1685 899 1722 tu
941 1673 1144 1720 mulier·
1197 1673 1256 1721 M
1274 1675 1311 1720 Α
1327 1673 1362 1720 L
1377 1673 1416 1720 E
1471 1675 1524 1720 M
1544 1675 1581 1720 Ε
1599 1676 1644 1721 R·
1659 1675 1697 1721 Ε
1717 1677 1757 1722 R
1773 1677 1813 1723 E
1860 1677 1917 1723 de
1961 1676 2236 1726 immerente

1458 1749 1635 1795 inscitia
1661 1749 1736 1796 est.

495 1832 620 1877 Plan.
697 1832 890 1881 Irascere
909 1865 923 1886 ,
950 1831 985 1878 fi
1007 1842 1053 1878 re
1075 1833 1287 1878 edentem
1313 1831 1387 1877 hic
1410 1847 1438 1878 a
1459 1833 1559 1885 cibo
1581 1833 1749 1892 abigat.
1811 1837 1952 1883 Palin.
1983 1837 2122 1884 ilicet.
2173 1845 2239 1892 3ο

493 1917 676 1963 Pariter
703 1919 787 1962 hos
812 1919 963 1974 perire
993 1921 1191 1964 amando
1234 1919 1367 1965 video
1386 1953 1400 1974 ‚
1449 1930 1638 1977 vterque
1665 1919 1933 1968 insaniunt:

494 2001 697 2053 Viden’‚
744 2011 793 2047 vt
820 2003 983 2051 misere
1012 2005 1295 2050 moliuntur!
1347 2013 1581 2059 nequeunt
1609 2005 1848 2061 compleffl
1880 2004 2001 2051 satis.
2156 2040 2160 2045 .

494 2085 652 2130 Etiam
682 2085 1021 2143 dispertimini.
1001 2092 1025 2120 ’θ
1088 2091 1205 2135 Plan.
1254 2090 1297 2134 N
1315 2090 1358 2132 V
1374 2091 1411 2138 L
1429 2091 1464 2134 L
1484 2091 1507 2135 1
1560 2091 1599 2136 E
1616 2092 1646 2138 S
1664 2092 1711 2138 T
1756 2089 1935 2137 homiui
1959 2100 2235 2147 perpetuum

1463 2161 1655 2205 bonum.

496 2239 605 2283 Iam
631 2239 740 2286 huic
767 2240 993 2297 voluptati
1020 2245 1109 2290 hoc
1134 2244 1399 2290 adiuustum
1425 2241 1489 2289 est
1507 2242 1682 2288 odium.
1745 2240 1883 2287 Palin.
1915 2204 2028 2300 quid
2047 2244 2112 2289 ais
2133 2256 2239 2300 pro·

1461 2320 1694 2378 pudium.
1674 2321 1700 2348 ⁹
1769 2318 1778 2357 ι’

501 2406 628 2451 Τιιιι’
658 2407 795 2455 etiam
823 2420 928 2453 cum
960 2407 1184 2453 noctuinis
1213 2405 1357 2466 oculis
1383 2404 1546 2450 odium
1574 2416 1651 2449 me
1679 2407 1855 2451 vocas?
2003 2432 2008 2436 -
2173 2416 2231 2462 35

498 2491 713 2545 Ebriola,
743 2493 962 2549 persona:
993 2504 1155 2548 nugae.
1221 2489 1375 2536 Phaed.
1406 2491 1936 2540 tun'meam·Venerem
1961 2491 2236 2548 vituperas?

501 2577 636 2629 Quod
662 2577 847 2632 quidem
875 2580 992 2623 mihi
1020 2579 1246 2634 polluctus
1276 2577 1417 2634 virgis
1446 2577 1603 2623 seruus
1628 2577 1887 2624 sermonem
1911 2576 2041 2624 serat.

503 2661 564 2705 At
587 2674 672 2706 nae
697 2671 777 2715 tu,
822 2665 1003 2716 hercle,
1039 2677 1146 2708 cum
1172 2663 1373 2708 cruciatu
1400 2675 1572 2719 magno
1596 2662 1745 2707 dixisti
1768 2664 1816 2709 id
1843 2670 1939 2708 tuo.

501 2743 626 2805 Hem
652 2745 736 2790 tibi
765 2747 1016 2791 maledistis
1044 2760 1127 2801 pro
1155 2745 1276 2791 istis:
1322 2747 1452 2792 dictis
1481 2746 1708 2792 moderari
1737 2755 1786 2792 vt
1813 2741 1966 2800 queas.

508 2829 647 2872 Palin.
692 2830 850 2875 Tuam
893 2829 1065 2884 fidem,
1112 2832 1273 2877 Venus
1299 2830 1607 2887 noetuvigila!
1690 2830 1842 2874 Phaed.
1885 2830 2063 2886 pergin'
2097 2829 2239 2876 etiam

1470 2911 1700 2955 verbero⁹
2173 2919 2242 2963 4ο

511 2991 632 3036 Plan.
706 2992 845 3045 Noli,
877 2994 1040 3040 amabo
1063 3027 1077 3047 ‚
1110 2996 1352 3042 verberare
1378 2995 1612 3051 lapidem,
1646 3006 1704 3039 ne
1711 2994 1898 3050 perdas
1923 3006 2127 3039 manum.

512 3076 649 3123 Palin.
696 3078 941 3135 Flagitium
987 3081 1299 3140 probrumque
1342 3092 1564 3136 magnum
1586 3112 1600 3133 ,
1647 3080 1966 3133 Phaedrome,
2026 3088 2242 3135 experge-

1471 3150 1610 3196 facis:

503 3236 985 3299 Benelmonstrantem
1013 3239 1178 3295 pugnis
1207 3238 1384 3290 caedis,
1416 3238 1534 3282 hauc
1561 3248 1716 3281 amas:
1762 3244 1905 3290 nugas
1933 3242 2098 3276 merae.

508 3322 708 3369 Hoccine
737 3322 838 3366 fieri
858 3354 872 3374 ,
913 3333 963 3367 vt
990 3321 1271 3367 immodestis
1298 3330 1343 3367 te
1372 3322 1449 3366 hic
1476 3324 1716 3367 moderere
1744 3318 1990 3366 moribus?

511 3407 667 3452 Phaed.
699 3408 737 3452 A
753 3407 796 3451 V
816 3406 853 3452 R
873 3406 912 3451 0
969 3406 1004 3450 C
1020 3406 1058 3450 Ο
1077 3406 1119 3450 N
1133 3404 1178 3450 T
1196 3406 1233 3451 R
1253 3407 1291 3452 A
1334 3407 1448 3452 cedo
1493 3406 1748 3452 modestum
1778 3414 2047 3451 amatorem.
2107 3411 2136 3444 ιι
2165 3411 2241 3444 me

1472 3496 1637 3529 aurum
1661 3485 1831 3540 accipe.
2179 3486 2240 3533 45

512 3568 652 3615 Palin.
693 3566 820 3614 Cedo
846 3564 964 3611 mihi
991 3574 1149 3612 eontra
1176 3566 1466 3620 aurichalco,
1505 3568 1581 3613 cui
1613 3578 1702 3623 ego
1725 3566 1834 3613 sano
1860 3564 2074 3615 fernim

513 3654 634 3700 Plan.
709 3649 838 3696 Bene
867 3647 1176 3702 vale,oou1e
1202 3650 1303 3697 mi·
1342 3662 1455 3699 uam
1477 3650 1778 3773 sonitumdizt
1781 3650 2006 3707 “epium
2033 3616 2243 3697 claustro-

1411 3726 1416 3731 ·
1473 3733 1580 3766 rum
1608 3733 1666 3767 an

509 3807 762 3855 Aedstuum
790 3804 968 3861 aperire
997 3803 1171 3871 ῖιιιιιιιιι.
1227 3814 1497 3863 quousque,
1537 3802 1740 3861 quaeso,
1761 3803 1823 3849 ad
1849 3803 1972 3849 huuc
1997 3803 2194 3885 modum

512 3895 640 3940 Inter
667 3904 752 3937 nos
772 3902 931 3938 amore
959 3891 1133 3939 vtimur
1157 3888 1338 3959 semper
1362 3888 1664 3946 surreptitia?

518 3974 674 4023 Phaed-
710 3974 921 4023 Minime.
977 3989 1089 4023 nam
1114 3975 1367 4023 Parasitum
1394 3974 1498 4023 misi
1519 3975 1688 4029 nudius
1713 3982 1899 4033 quartus
1926 3969 2147 4021 curiam?
2184 3974 2245 4019 50

626 4069 700 4115 Μ.
727 4072 798 4116 ,4.
831 4069 977 4115 ptam
1004 4046 1187 4116 'cmeae
1286 4086 1293 4097 -
1621 4054 1669 4115 ι’.
2100 4059 2282 4098 'mm
2313 4038 2324 4046 χ
