2767 4384
311 402 334 476 6
455 404 457 411 ⁴
544 425 587 476 ru.
611 427 736 480 Acen
760 427 937 509 ruavrr

309 563 399 620 Nunc,
426 566 455 612 de
467 565 594 612 Aicumena
607 574 633 613 vt
645 578 696 612 rem
710 564 808 619 tenentis
820 566 911 625 ethius,
1030 601 1032 604 ι
1102 582 1154 618 110

308 648 423 706 Vtrinque
438 647 469 694 eh
481 651 592 705 grauida,
621 661 686 698 etex
700 652 768 705 viro,
797 660 821 702 et
834 662 863 699 en
876 654 967 701 summo
987 655 1052 702 Ioue.

308 733 340 780 Et
351 744 419 780 meus
433 734 499 781 Putet
513 748 574 781 nunc
588 736 651 782 intus
665 735 703 782 hic
713 749 767 783 uum
782 737 823 784 iiia
836 740 921 786 cubat:

308 818 339 865 Et
350 819 408 865 haee
421 819 451 864 oh
466 831 519 865 eam
533 831 584 865 rem
598 833 644 868 nox
664 820 696 867 est
710 821 766 868 satia
780 822 878 880 longior,
963 854 967 865 .

309 902 374 949 Dum
387 902 443 957 ille,
471 915 569 960 quacum
583 905 646 958 volt,
676 905 819 963 voluptatem
838 907 906 964 capit.

308 987 354 1034 Sed
374 988 406 1034 ita
419 987 559 1038 adimiiauit
570 986 609 1042 fe.
634 987 698 1044 quan
711 990 850 1051 Amphitruo
864 991 912 1038 fiet
1104 1004 1153 1043 115

309 1072 378 1118 Nunc
393 1085 422 1118 ne
436 1073 498 1119 huno
509 1082 617 1121 ornatum
630 1087 671 1121 uos
684 1086 766 1130 meum
777 1073 934 1130 admiremini,

309 1156 375 1210 Quod
391 1169 433 1214 ego
449 1159 495 1204 huc
507 1158 601 1219 prouehi
622 1157 652 1204 iic
663 1171 717 1204 cum
731 1157 807 1204 seruili
821 1157 921 1213 schema,

308 1241 418 1290 Veterem
433 1254 501 1302 atque
516 1242 635 1298 antiquam
649 1255 699 1288 tem
714 1255 799 1290 nouam
817 1245 847 1289 ad
862 1246 902 1290 uo's
915 1243 1039 1306 proferam.
1139 1247 1140 1250 ’

309 1323 433 1382 Propterea
446 1337 540 1374 ornatus
554 1325 578 1372 in
592 1339 680 1373 nouum
695 1325 771 1373 ineeffi
790 1329 895 1375 modum.

308 1408 451 1456 Nammeius
465 1419 530 1467 patet
542 1409 604 1457 intus
618 1423 679 1456 nuno
700 1409 749 1464 est,
778 1422 873 1465 totum,
903 1411 1006 1468 Iupiter:
1105 1423 1155 1460 120

308 1492 338 1538 Iu
353 1493 529 1550 Amphitruonis
537 1494 611 1541 -vortit
622 1493 667 1541 sese
679 1493 814 1550 imaginem,

293 1576 295 1580 ⁴
309 1577 442 1634 omnesque
456 1591 510 1624 eum
524 1576 570 1624 eise
583 1575 769 1630 centemnunt,
797 1577 837 1632 qui
851 1576 949 1626 vident:

309 1657 344 1707 ita
358 1660 502 1717 rerhpellem
516 1660 538 1708 se
552 1658 624 1717 facit,
653 1664 745 1719 quando
764 1663 836 1710 lohet.

309 1745 358 1802 Ego
370 1744 429 1791 serui
443 1744 511 1792 sumsr
524 1745 600 1794 snfiee
614 1746 672 1793 mihi
687 1736 814 1805 inrupin‘em

309 1828 354 1883 Qui
368 1841 421 1877 num
429 1829 599 1887 Amphitruone
613 1831 671 1879 abiit
684 1831 739 1879 hino
752 1832 778 1879 iu
791 1831 941 1881 exereitumt
1102 1843 1151 1885 125

308 1913 342 1960 Vt
354 1911 494 1970 praeieruire
507 1913 594 1959 amanti
609 1927 662 1960 nreo
676 1914 762 1971 poss’em
776 1919 854 1974 patri:

308 1995 384 2052 Atque
397 2006 423 2044 vt
434 2009 479 2050 ne,
508 1998 547 2054 qui
562 1997 649 2052 effem,
672 1998 799 2046 familiares
813 2010 957 2057 quaererent,

307 2082 401 2130 versari
414 2084 494 2138 erebro
509 2084 547 2129 hie
560 2093 614 2128 cum
628 2083 733 2130 viderent
743 2095 782 2128 me
789 2083 864 2128 homi.

308 2168 376 2215 Nunc
391 2179 445 2212 oum
460 2165 506 2212 eise
520 2169 613 2214 credent
626 2166 736 2222 seruum,
766 2177 790 2214 et
802 2167 937 2215 conseruum
949 2168 1025 2222 suum,

308 2253 377 2299 Haud
391 2252 515 2311 quisquam
529 2262 640 2310 quaeret,
656 2252 696 2310 qui
708 2252 781 2309 fiem,
809 2264 850 2300 aut
863 2255 919 2310 quid
932 2254 1044 2303 venerim.
1103 2263 1153 2309 130

308 2337 377 2383 Patet
391 2349 453 2382 nunc
467 2337 529 2384 intus
542 2335 583 2383 suo
595 2336 674 2384 animo
688 2351 778 2387 morem
792 2340 867 2396 gerit:

308 2420 383 2467 Cuhat
397 2421 531 2478 complexus
546 2453 555 2477 ,
583 2422 648 2468 euim
657 2423 757 2480 ¹cupient
769 2436 879 2472 maxume
894 2422 932 2469 eii.

307 2505 372 2560 Quae
385 2504 421 2551 iiii
435 2507 464 2552 ad
478 2506 595 2564 legionem
607 2505 665 2553 faita
678 2505 747 2560 [hut.
776 2517 893 2552 memorat
911 2515 977 2567 patet

307 2589 377 2636 Meus
389 2590 546 2643 Alcumenae,
569 2599 593 2636 at
604 2590 645 2637 ihu
658 2591 726 2636 iilum
740 2589 816 2636 censet
829 2591 905 2638 virum

307 2673 457 2734 Suumtfftn
486 2685 544 2731 ‘luae
561 2687 614 2719 curn
629 2676 727 2722 moecho
741 2675 779 2722 eii.
807 2674 840 2721 ihi
854 2683 916 2721 nunc
929 2684 1073 2734 meusmter
1102 2687 1148 2732 135

307 2761 441 2813 Memorat,
471 2759 574 2816 legiones
587 2757 686 2806 hostium
706 2771 732 2807 vt
746 2759 877 2816 iurauerit:

307 2846 358 2901 Quo
371 2847 437 2904 patto
449 2843 516 2892 donis
527 2840 556 2887 sit
569 2843 667 2892 honours
684 2843 805 2901 piurimis«

306 2927 340 2975 Ea
354 2929 430 2982 dona,
454 2939 513 2985 quae
529 2925 576 2972 titio
590 2928 754 2984 Amphitruoni
769 2926 821 2974 ihm
833 2928 895 2981 data,

307 3011 465 3060 Abstulimus:
493 3011 561 3058 imile
574 3023 641 3057 meus
656 3024 736 3068 pater,
749 3014 810 3070 quod
824 3015 880 3066 voit,
895 3010 959 3061 iacto

306 3097 374 3144 Nune
386 3095 455 3144 hodie
470 3095 609 3157 Amphitruo
623 3094 700 3144 veniet
713 3097 758 3146 hut
771 3099 800 3144 ah
813 3096 925 3150 exercitu.
1101 3104 1152 3152 tto

306 3179 337 3227 Et
358 3179 454 3233 seruus,
465 3184 470 3193 “
480 3182 548 3226 ouius
561 3190 605 3238 ego
619 3181 678 3226 hano
690 3177 740 3226 iero
753 3181 888 3239 imaginem.

306 3264 374 3314 hieru
388 3263 511 3311 internum
525 3275 550 3311 vt
563 3277 605 3311 nus
620 3263 708 3324 poiiitis
728 3263 825 3311 hunius.

305 3348 356 3406 Ego
370 3348 411 3393 has
422 3338 512 3394 tribeho
526 3348 563 3395 itio
575 3360 646 3406 usque
660 3347 685 3397 in
700 3347 777 3404 petaso
789 3345 904 3403 pinnulae

285 3486 295 3499 „
307 3432 371 3477 Turn
386 3443 439 3476 meo
452 3431 513 3490 patri
526 3443 605 3480 autem
619 3420 710 3480 torulus
724 3431 793 3478 inerit
807 3444 891 3477 aureus

306 3515 354 3562 Sub
368 3515 458 3572 petaso:
487 3517 512 3562 id
525 3515 615 3575 fignum
630 3516 795 3574 Amphitruoni
808 3529 855 3565 nou
868 3515 920 3564 trit.
1098 3526 1145 3572 ης

307 3598 415 3658 Baiigm
427 3613 497 3649 nemo
511 3601 625 3648 horumne
646 3599 797 3648 hntllhtium

235 3680 238 3685 ’
1086 3685 1173 3733 Videre
