2767 4384
280 434 350 507 132
512 433 556 484 Μ.
579 434 712 488 Accu
737 437 914 490 rnnvrr

277 580 329 634 Quo
342 578 408 634 patto
421 575 512 622 emiiisti
525 590 537 622 e
552 576 634 623 vinclis
647 586 715 624 tuum
730 579 831 631 herum,
858 589 899 624 tua
912 575 1036 633 sapientia.

279 662 334 708 Phil.
363 661 417 707 Feci
431 673 473 718 ego
486 661 541 717 ista,
556 672 582 710 ut
595 675 780 711 commemoras
774 672 870 784 :stenes
866 662 998 711 meminiise
1013 664 1048 719 id.
1064 674 1159 722 gretrnn
1188 704 1192 753 Ι

760 752 772 784 e
807 751 882 791 nur,

277 816 364 863 Merito
377 816 420 864 tibi
435 830 461 864 ea
475 830 689 883 eueneruntame
719 835 773 868 nam
788 833 864 875 nunc,
887 821 1052 877 Philocrates,
1131 833 1157 878 ςς

278 904 302 951 si
315 916 358 962 ego
372 904 429 950 item
443 917 587 962 memorem,
610 919 668 963 quae
683 921 722 955 me
739 920 793 965 ergo
805 907 880 953 muita
890 906 963 953 fecisti
975 908 1055 973 bene.

277 993 331 1040 Nox
346 991 407 1038 diem
422 992 514 1041 adimat.
545 1006 600 1039 nam
613 993 631 1039 fi
643 993 801 1041 seruusmeus
814 991 885 1045 effes,
909 990 1079 1040 nihilosecius

277 1077 340 1126 Mihi
357 1077 503 1136 obsequiosus
517 1078 606 1135 semper
618 1077 686 1124 fuisti.
716 1082 770 1137 Heg.
786 1081 817 1124 Di
829 1078 926 1124 vostram
942 1079 1033 1133 fidem,

278 1166 407 1213 Hominum
421 1166 542 1224 ingenium
556 1165 666 1212 liberale!
696 1173 721 1211 ut
735 1165 848 1210 lacrumas
862 1166 981 1210 excutiunt
996 1163 1077 1211 mihi!

277 1253 363 1301 Videas
378 1255 446 1299 corde
460 1265 538 1299 amare
552 1251 613 1298 inter
625 1253 662 1297 se:
685 1250 776 1308 quantis
790 1250 898 1295 laudibus
911 1247 977 1294 suum
994 1232 1085 1315 herum
1127 1254 1156 1297 ω

278 1323 363 1385 Seruus
378 1337 533 1385 collaudauit!
563 1336 617 1382 Phil.
632 1336 680 1382 istie
699 1336 739 1392 poi
751 1337 813 1381 haurd
827 1349 865 1381 rne
879 1332 1031 1380 centesimam

278 1424 371 1471 Partem
385 1424 482 1476 laudat,
506 1435 576 1480 quam
590 1421 637 1478 ipse
650 1421 748 1467 meritus
762 1420 808 1473 eii.
828 1429 853 1467 vt
867 1401 977 1467 iuudetur¹
988 1418 1111 1467 laudibus.

255 1482 257 1496 Ι
277 1510 332 1566 Heg.
369 1509 445 1565 Ergo,
468 1519 522 1552 oum
537 1516 632 1562 optume
646 1505 733 1559 fecisti,
757 1518 818 1550 nunc
832 1503 894 1551 adest
905 1490 995 1569 occafio

276 1593 400 1641 Benefaiia
412 1593 546 1646 cumulare,
566 1602 592 1639 vt
605 1602 660 1646 erga
672 1594 734 1638 hunc
748 1606 798 1638 rem
812 1604 879 1649 geras
893 1591 1001 1638 fideliter.

279 1681 333 1727 Phil.
363 1678 701 1737 uragisooofaeumpoffum
715 1679 791 1732 uelle,
812 1689 883 1734 quam
896 1689 968 1735 opera
982 1674 1088 1735 experiar
1098 1687 1150 1731 per·
1188 1656 1192 1695 ¹*

759 1755 838 1812 sequi·
1113 1758 1143 1804 65

275 1844 318 1900 tu,
342 1853 367 1891 vt
381 1843 454 1897 feias,
476 1843 558 1890 ionem
572 1838 705 1897 supremum
718 1840 797 1887 testem
809 1840 893 1912 laudo,
914 1839 1009 1897 Hegio.

276 1932 317 1978 Me
332 1928 453 1975 infidelem
469 1941 515 1973 non
529 1926 634 1973 futurum
648 1928 779 1973 Philocrati.
809 1931 863 1986 Heg.
881 1928 966 1983 probus
978 1940 1004 1973 es
1017 1928 1098 1974 homo.

278 2016 332 2062 Phil.
361 2015 410 2061 Neo
423 2026 462 2060 me
477 2012 540 2059 secus
554 2023 666 2069 umquam
687 2011 835 2059 eifadturum
849 2011 993 2069 quidquam,
1018 2026 1093 2073 quam
1106 2027 1150 2062 nne·

760 2101 809 2135 met
823 2089 888 2136 mihi.

279 2180 345 2237 Tynd
358 2179 429 2245 Istaec
443 2176 500 2223 ditia
513 2186 537 2224 te
550 2176 650 2235 experiri
665 2186 688 2223 et
700 2177 776 2231 operis
791 2186 814 2223 et
826 2177 890 2223 fauts
904 2178 964 2225 volo

275 2267 306 2314 Et
320 2279 366 2323 quo
380 2265 458 2310 minus
469 2263 533 2316 dixi,
549 2274 618 2319 quam
629 2261 692 2308 volui
705 2264 733 2310 de
747 2273 785 2317 te,
799 2264 905 2328 animum
916 2266 1026 2315 adnantes
1040 2271 1104 2318 volo.
1121 2281 1150 2325 ιο

277 2353 351 2406 utque
365 2351 453 2395 horunc
467 2348 590 2396 verborum
604 2344 679 2393 canui
693 2357 774 2395 caueto
789 2348 847 2393 mihi
861 2350 933 2394 iratus
944 2349 1004 2397 suns.

276 2437 358 2485 Sedite
373 2432 473 2491 quaeso,
496 2420 610 2489 cogitato,
635 2432 690 2478 hinc
703 2445 756 2478 mea
769 2431 814 2478 fide
828 2433 890 2480 mitti
904 2434 1002 2483 domum

276 2523 314 2571 'l'e
328 2521 493 2571 aestimatum,
517 2523 541 2561 et
554 2528 632 2561 meam
647 2515 692 2563 effe
707 2519 778 2565 vitam
792 2519 828 2563 hic
841 2530 884 2575 pro
898 2527 920 2564 te
935 2520 1034 2575 pofitarn
1050 2528 1149 2586 pignori

275 2607 312 2655 Ne
326 2615 351 2653 tu
366 2617 403 2654 me
417 2605 524 2659 ignores,
549 2613 604 2647 rum
617 2603 734 2658 extemplo
749 2616 801 2648 meo
821 2617 832 2650 e
847 2599 965 2660 conspeiiu
979 2608 1123 2660 ebseefferis.

276 2692 352 2745 Quom
365 2702 403 2735 me
416 2688 508 2733 seruum
520 2684 544 2731 in
558 2684 667 2732 seruitute
681 2698 724 2742 pro
737 2695 760 2734 te
773 2688 810 2733 hic
825 2689 958 2746 reliquerim
1039 2700 1044 2709 ·
1120 2704 1148 2751 75

276 2774 360 2829 Tuque
375 2784 398 2819 te
411 2784 453 2827 pro
467 2770 540 2817 libero
555 2769 599 2817 eise
612 2771 698 2824 ducas.
721 2774 804 2831 pignus
817 2774 919 2822 deserunt

275 2858 355 2913 Neque
370 2858 410 2903 des
421 2868 531 2911 operam,
548 2869 590 2913 pro
603 2870 658 2911 me,
677 2866 704 2913 ‚ve
718 2858 786 2904 huius
799 2861 907 2906 reducem
920 2857 990 2906 iaciat
1003 2860 1094 2913 filium.

274 2943 335 2989 Scito
350 2951 372 2988 te
385 2941 440 2986 hinc
453 2941 523 2987 minis
536 2942 618 2999 viginti
630 2940 775 2990 aestimatum
788 2946 882 2991 mittier.

275 3025 319 3072 Fac
332 3026 408 3073 fidelis
421 3026 450 3072 iis
464 3025 543 3075 fideli:
565 3039 621 3073 caue
636 3026 707 3074 iidem
721 3027 808 3074 fluxam
821 3041 893 3086 geras.

274 3110 335 3155 Nom
347 3121 427 3166 peter,
449 3111 509 3167 scio,
530 3110 616 3166 faciet,
640 3112 779 3169 quaedum
792 3116 866 3167 necere
880 3124 987 3172 oportet,
1007 3122 1101 3171 omnia
1117 3130 1146 3173 se
1177 3120 1179 3151 ⁵

274 3194 348 3239 serua
361 3193 385 3241 in
399 3208 538 3253 perpetuum
560 3197 603 3247 tibi
618 3199 720 3247 amicum
742 3213 796 3253 me,
818 3209 885 3256 etque
899 3202 1145 3260 mociouenmnin
1176 3190 1180 3221 ¹

754 3275 815 3322 ueni

273 3357 336 3403 linet
349 3370 390 3412 per
404 3359 524 3403 dexteram
538 3364 620 3409 tuem,
641 3366 665 3405 te
677 3358 771 3403 dextera
785 3359 886 3407 retinens
898 3376 983 3418 manu.

273 3443 386 3496 obsecro,
410 3441 525 3488 infidelior
538 3442 597 3487 mihi
611 3455 640 3488 ne
650 3442 719 3494 fuas,
743 3452 812 3495 quam
824 3454 866 3501 ego
877 3446 927 3492 sum
942 3452 993 3495 tibi.

274 3510 314 3576 Tu
327 3530 371 3574 hoo
384 3540 433 3584 age
462 3536 487 3571 tu
502 3526 643 3574 minitetur
657 3537 718 3573 nune
732 3538 770 3571 es:
792 3536 958 3595 tupatronus:
979 3544 1106 3593 eupator.

1176 3352 1179 3409 i

1175 3426 1178 3483 i

227 3626 235 3632 ·
273 3613 329 3660 Tibi
343 3611 481 3659 commendo
494 3607 738 3671 innumeremus.
769 3614 823 3675 diii,
838 3619 974 3667 mandauisti
988 3621 1051 3675 satis.
1112 3634 1141 3683 ις
1069 3644 1203 3853 mk
