2767 4384
371 402 982 476 nurvrnarnrsvrrosrrn.
1040 423 1112 500 115

255 560 499 614 rrcouroro,
535 556 785 611 arnorrurs,
813 558 1098 622 medaucum,

469 633 688 686 eunomus,
717 630 884 680 recuro.

241 691 334 766 Graue
346 719 377 766 eli
390 719 479 774 homini
493 717 591 776 pudenti
604 717 739 772 morologus
752 715 825 762 nimis

241 805 342 858 Seruus,
366 805 404 862 qui
418 804 496 860 sapere
506 805 559 862 plus
571 805 620 852 volt
631 805 689 851 lrero
702 800 750 848 luo.

240 891 314 936 Abest
327 889 365 935 hic
379 890 492 937 Strobilus
506 884 530 936 in
545 889 632 936 malam
645 889 706 936 liber
719 900 830 943 crucem,

238 976 313 1022 Modo
327 977 385 1022 milri
401 979 508 1034 adportet
521 976 599 1022 aulam
614 987 670 1020 euro
682 985 742 1030 puro
756 985 875 1031 grauem:-

238 1060 272 1106 Vr
285 1060 422 1108 Euclionem
436 1061 541 1107 socerum
553 1072 583 1106 ex
596 1058 658 1105 luslu
672 1059 791 1105 retraham

231 1145 275 1199 :Ad
286 1145 443 1201 hilaritatem,
470 1144 565 1191 etmihi
578 1142 700 1190 conciliem
713 1143 804 1202 filim,

236 1229 275 1275 Ex
288 1228 417 1286 compressu
430 1243 484 1276 meo
498 1241 585 1276 nouam
598 1241 744 1286 puerperam.

237 1316 284 1362 Sed
299 1328 350 1363 ecce
365 1315 426 1362 redit
438 1313 532 1362 onustus
547 1313 667 1362 Strobilos.
697 1322 723 1363 vt
735 1328 804 1372 reor,

236 1402 323 1448 Aulam
337 1405 450 1459 adportat„
480 1393 507 1446 et'
520 1408 580 1446 certe
595 1398 627 1445 ell
642 1396 710 1452 aula.
735 1413 804 1458 quam
818 1402 886 1459 gerit

238 1485 306 1533 Srrrb.
336 1466 469 1544 Lyoonlde‚
493 1485 589 1543 adporto
603 1484 727 1532 inuentum
741 1485 878 1543 promifl'um
890 1485 947 1543 tibi,
1078 1499 1111 1538 ιο

237 1572 322 1618 Aulam
337 1574 386 1618 auri
402 1570 573 1631 quadrilibrem.
604 1582 662 1617 num
675 1569 738 1616 serus
751 1568 805 1616 suil
1074 1567 1081 1573 “

238 1658 311 1710 Lycen.
334 1657 431 1713 Nempe.
462 1657 521 1703 odii
533 1655 695 1710 immortales,
714 1657 769 1713 quid
783 1659 866 1716 video,
892 1664 934 1707 uui
946 1659 1002 1718 qnid
1015 1661 1110 1712 habeo?

236 1739 292 1786 Plus
306 1739 424 1788 sexcentos
438 1742 573 1797 Philippeos
588 1749 623 1788 ter
638 1749 661 1787 et
674 1749 763 1797 quater.

218 1827 221 1833 '
236 1823 282 1870 Sed
296 1836 420 1870 euocemus
433 1826 571 1873 Euclionem
586 1824 699 1881 protinus.

237 1911 313 1964 Lycur.
337 1908 458 1964 Oliuclio,
470 1910 559 1956 Euclio.
581 1908 643 1969 Mq.
655 1909 746 1966 Euclio,
759 1910 846 1959 Euclio.
875 1915 934 1962 Erret
948 1915 1062 1975 quidest?
1078 1925 1108 1972 15

237 1996 312 2050 Lycen.
335 1995 453 2043 Descende
466 1996 496 2041 ad
510 2009 566 2042 nos:
587 2009 643 2043 nam
657 1995 689 2043 dli
705 2006 728 2043 te
740 1997 856 2046 seruatum
869 1978 961 2049 uoluut.¹
1050 2053 1052 2056 ,

236 2081 355 2126 ilabemus
370 2079 454 2126 aulam.
485 2079 544 2127 ruci
564 2081 699 2137 habetisne,
721 2094 751 2129 an
767 2097 805 2131 me
819 2086 947 2148 deluditis?
1026 2068 1029 2073 ⁶

238 2168 312 2221 Lycen.
335 2148 471 2221 ilabemus,
490 2166 593 2223 inquam.
623 2168 710 2223 modo,
731 2168 844 2226 sipotes.
867 2174 914 2222 buc
926 2173 1018 2222 aduolr.

238 2254 296 2300 duci
335 2253 356 2301 0
369 2264 454 2310 magne
467 2252 570 2308 Iupiter!
587 2263 602 2296 o
615 2251 661 2297 Lar
673 2250 811 2309 seminaris,
830 2264 854 2303 et

237 2342 330 2398 Regina
342 2340 419 2392 luno,
441 2344 465 2384 et
478 2333 554 2381 noller
568 2334 709 2382 thesaurnrie

237 2427 332 2478 Alcide,
350 2424 446 2470 tandem
459 2419 563 2466 miserari
576 2419 687 2466 miserum
698 2419 791 2468 senem!

237 2511 290 2562 Oh,
307 2509 360 2560 on,
377 2519 448 2576 quam
460 2505 541 2560 laetis,
558 2505 626 2560 aule,
642 2505 686 2552 tibi
700 2507 788 2552 amicus
799 2506 869 2555 senex

238 2590 470 2649 Comploratum,
488 2599 513 2637 et
526 2599 549 2637 te
560 2589 622 2638 dulci
635 2588 702 2649 capio
719 2589 811 2638 osculo!

237 2679 332 2736 Expleri
346 2690 435 2735 nequeo
446 2675 510 2722 mille
526 2673 564 2722 rel
575 2673 743 2732 complexibus.

238 2763 338 2821 ospes,
361 2765 442 2810 ocor!
464 2761 549 2806 ludum
563 2761 718 2818 depuluerans
732 2773 819 2808 meum.

238 2851 312 2904 Lycao.
335 2849 398 2894 Auro
412 2858 491 2894 carere
504 2845 594 2904 semper
608 2846 663 2913 durd
677 2844 825 2903 pessumum,

237 2935 268 2981 Et
282 2933 374 2990 pueris,
397 2941 420 2978 et
434 2932 505 2984 siric,
527 2941 551 2978 et
566 2932 657 2978 senibus
671 2931 787 2979 omnibus.
863 2974 865 2978 .

238 3023 325 3069 Pueros
339 3017 440 3076 prostare
454 3017 515 3073 cogit
527 3017 672 3074 indigentie,
802 3006 806 3015 ’

237 3107 308 3152 Viros
321 3103 407 3156 furari,
427 3102 581 3148 mendicarier
593 3101 654 3158 ipsos
665 3098 737 3147 scum.
759 3084 773 3173 θ’

237 3191 268 3238 At
282 3188 357 3235 multo
370 3187 436 3244 peius
458 3187 506 3242 est,
528 3197 553 3235 vt
566 3188 634 3235 video
647 3200 725 3253 nunc,
746 3168 815 3244 supra

238 3278 329 3332 Quam.
350 3274 412 3331 quod
426 3271 514 3321 necesse
527 3273 573 3327 est,
595 3251 734 3331 nobis‘uuro
745 3270 887 3328 opulescere.

237 3363 305 3417 Heu.
330 3369 427 3420 quantas
439 3357 515 3417 paffin
532 3358 564 3406 eil
578 3369 701 3411 aerumnas
715 3357 812 3413 Euclio,

238 3449 274 3494 Ob
289 3446 367 3494 aulum
377 3446 447 3503 paulo
459 3455 513 3500 ante
526 3458 540 3491 ι
555 3443 578 3492 se
590 3443 747 3502 deperditam!

218 3530 299 3589 ‚suci
335 3529 395 3584 Quoi
408 3531 502 3578 meritas
515 3531 614 3592 referem
628 3529 724 3591 grates?
751 3540 781 3574 an
796 3526 855 3583 diis,
877 3527 917 3586 qui
930 3526 1005 3575 bo'uos

238 3613 374 3672 Respectans
391 3612 517 3662 hominess
543 3626 574 3662 sn
593 3614 690 3671 amicis,
713 3614 867 3663 metieritis?
934 3618 939 3631 ⁶

693 3692 720 3742 ll
737 3702 755 3738 a
