2767 4384
258 402 328 492 276
431 495 435 508 „
489 415 532 468 M.
555 412 685 469 uccrr
709 415 879 492 rouvrh

255 562 315 609 (ium
331 560 353 607 se
368 557 519 607 excucurrisse
530 557 586 604 illuc
598 554 682 603 frustm
697 555 803 612 soluerit,

254 646 348 702 Nosque
362 657 445 690 aurum
459 643 560 692 abusos?
582 642 638 700 qnid
651 640 710 696 mihi
723 638 764 687 fiet
775 641 871 698 pollen?
920 701 922 705 Ι

255 731 328 778 credo
342 729 419 775 hercle
432 727 558 777 adueniens
571 740 657 774 nomen
667 726 768 775 mutabit
779 725 854 779 mibi,

254 814 376 872 facietque
387 814 504 873 extemplo
517 813 658 864 Crucisalum
671 824 754 883 me-ex
767 809 882 868 Chrysalo.
939 825 944 834 ·

255 899 373 958 aufugero
384 900 477 954 hercle,
499 898 605 958 {imagis
619 897 671 946 osus
684 897 782 945 venerit.
833 940 837 945 .
885 923 887 926 ·
1005 941 1011 956 ,

255 987 279 1035 Si
294 998 333 1033 ero
347 984 513 1042 reprehensus,
536 984 610 1031 mocio
622 994 665 1040 ego
677 982 745 1028 illum
757 970 898 1028 infortunios
1076 988 1125 1036 130

255 1074 280 1122 Si
292 1073 326 1121 illi
339 1072 393 1120 suut
405 1073 483 1131 virgae
496 1066 560 1123 crui,
578 1078 603 1115 et
616 1068 675 1114 mihi
689 1076 781 1125 tergum
796 1066 861 1114 domi
873 1065 927 1119 eii.¹

184 1177 186 1181 ·
254 1161 323 1210 Nunc
335 1161 388 1213 ibo,
409 1155 477 1204 herili
491 1151 539 1199 lilio
553 1152 614 1198 hauc
624 1149 735 1200 fabricam
749 1155 825 1208 dabo,

254 1245 328 1301 Super
341 1256 414 1297 auro,
433 1241 552 1297 amicaque
567 1236 617 1285 eius
628 1238 724 1286 inuenta
738 1230 858 1286 Bacchide.

394 1366 552 1452 Acuv's
588 1393 664 1452 111.
750 1352 913 1452 scmus
947 1390 977 1448 1.
1044 1423 1048 1436 1

612 1511 634 1555 L
645 1509 693 1555 rh
706 1509 754 1557 VS.

254 1569 359 1645 Pandite
373 1605 441 1654 arque
455 1596 542 1653 operite
556 1608 652 1654 propere
666 1597 761 1644 ianuam
774 1599 833 1643 hano
846 1594 915 1647 orei,
935 1591 1042 1641 obsecro:

252 1685 315 1732 Nam
328 1683 435 1742 equidem
449 1685 510 1728 haud
524 1682 590 1729 aliter
605 1681 650 1730 effe
664 1684 731 1730 duco,
766 1682 852 1739 quippe
866 1691 912 1737 quo
925 1692 996 1727 nemo
1010 1679 1117 1735 aduenit,

254 1768 303 1815 Nifi
317 1781 387 1825 quem
401 1766 450 1823 spes
463 1766 575 1823 reliquere
589 1749 687 1833 omues,
708 1748 752 1815 eise
768 1776 793 1815 vt
805 1765 867 1823 frugi
879 1762 966 1821 polllet.

253 1853 395 1905 Bacchides,
416 1866 462 1898 oon
476 1851 615 1904 Bacchides,
637 1850 676 1896 sed
688 1849 793 1899 Bacchae
805 1850 858 1896 suut
871 1861 1011 1898 acerrumae.

251 1939 330 1994 Apage
344 1936 396 1983 istas
410 1951 423 1982 a
437 1950 475 1983 me
489 1935 593 1991 sorores,
617 1948 676 1994 quae
690 1938 813 1984 homiuum
826 1936 918 1982 sorbent
933 1935 1075 1991 sanguinem
1104 1944 1116 1988 5

252 2021 334 2066 Omnis
345 2021 375 2067 ad
389 2020 514 2075 perniciem
527 2020 633 2068 iustruere
645 2023 729 2068 donurs
742 2021 820 2078 opime
833 2029 903 2078 arque
916 2023 1020 2080 opipare.

253 2105 317 2159 Quae
332 2097 356 2152 'vt
368 2103 475 2162 adspexi,
495 2119 533 2154 me
547 2107 656 2154 continuo
669 2106 756 2154 consuli
769 2105 884 2163 prou'oam
898 2106 923 2152 iu
936 2110 1013 2161 pedes.
1075 2164 1077 2167 ι

252 2191 349 2250 Egone,
370 2202 396 2238 vt
412 2193 468 2238 haec
482 2190 587 2237 conclusa
600 2191 685 2250 gestem
700 2191 852 2237 clanculum?
875 2199 900 2237 vr
911 2195 984 2240 celem
999 2164 1104 2251 patrem,

252 2277 388 2330 Pistoclere,
409 2275 568 2334 conflagitia,
591 2286 631 2324 aut
645 2279 745 2331 damna,
767 2286 808 2322 aut
821 2275 997 2333 despoliabula?

254 2363 342 2418 Quibus
356 2372 462 2418 patrem,
478 2374 568 2418 orme,
584 2373 667 2420 reque,
683 2363 815 2419 amicosque
824 2372 905 2409 omres
914 2364 1012 2411 adfectas
1021 2374 1075 2412 tuos
1091 2375 1119 2412 10

252 2449 287 2494 hd
300 2448 426 2506 probrum,
448 2447 575 2500 damnum,
597 2445 712 2504 flagirium
727 2447 843 2504 adpellere
856 2461 902 2495 voa
914 2458 937 2495 et
948 2452 1053 2505 perdere.

252 2535 332 2590 Neque
347 2534 408 2588 mei,
431 2544 506 2589 oeque
519 2531 553 2578 tui
566 2532 629 2579 intus
642 2535 750 2590 puditum
765 2534 797 2581 est
809 2534 890 2586 fastu,
911 2548 970 2591 quae
983 2534 1054 2584 facis:

252 2620 339 2675 Quibus
353 2632 419 2665 tuum
434 2627 538 2675 patrem,
560 2630 643 2675 meque
658 2632 719 2676 vna,
743 2621 843 2675 amicos,
863 2619 952 2667 adfines
968 2630 1036 2676 tuos,

252 2705 307 2752 Tua
320 2702 416 2749 iufamia
430 2700 500 2748 fecisti
514 2701 672 2760 gerulifigulos
685 2704 774 2763 flagitii.

252 2790 320 2836 Nunc
335 2787 469 2845 priusquam
487 2787 576 2832 maium
594 2787 744 2843 istoc.addis,
767 2800 856 2838 certum
874 2790 906 2838 est
922 2790 972 2837 iam
988 2790 1065 2837 dicam
1082 2803 1119 2848 pa-

731 2860 769 2906 tri.
899 2889 901 2893 -
1089 2870 1116 2911 15

252 2939 286 2986 De
300 2954 338 2987 me
351 2929 410 2987 hanc
423 2941 514 2995 colpam
530 2940 660 2988 demolibor
670 2945 736 2998 ihm,
758 2954 782 2991 et
794 2944 842 2990 seni
855 2943 938 2992 faciam
951 2943 1046 3001 palam,
1112 2973 1114 2976 -

252 3023 284 3071 Vt
294 3040 350 3073 eum
365 3040 394 3073 ex
407 3027 522 3073 lutulento
535 3039 607 3074 coeno
619 3039 716 3087 propere
730 3030 785 3077 hinc
798 3031 874 3078 eliciat
884 3029 954 3076 forae

377 3136 538 3233 Achs
574 3128 649 3232 111,
730 3159 900 3232 scuNA
934 3177 985 3233 11.

527 3275 861 3322 MNESILoCHVS..

251 3329 421 3405 MVLTIS
450 3358 579 3408 Mollis
602 3362 727 3409 meditatus
741 3371 833 3418 egomet
846 3373 940 3408 mecum
958 3359 1027 3414 som,
1048 3367 1073 3406 et
1085 3358 1118 3407 ica

731 3430 776 3476 effe
788 3431 886 3474 arbitror
894 3443 908 3493 ιν

249 3513 301 3560 ¹lio
312 3513 336 3558 hi
347 3510 409 3558 INI
429 3513 577 3570 dMico,
593 3516 634 3574 qul
647 3515 681 3563 est'
692 3515 796 3569 amicos,
812 3516 845 3562 ira
858 3515 890 3562 vri
904 3519 991 3562 nbmeo
1003 3511 1115 3570 poffidet,

254 3597 300 3645 Nili
312 3589 382 3650 deos,
403 3596 424 3642 ei
439 3598 498 3645 ru'hh
509 3601 628 3679 praedare.
657 3601 681 3647 id
695 3611 765 3657 opera
777 3608 885 3657 expersus
897 3598 949 3649 som
961 3596 1007 3648 cue
1020 3598 1061 3645 iro.

992 3698 994 3703 ·
1036 3681 1113 3733 Nam,
