2767 4384
247 388 316 463 322
474 381 520 434 u.
542 379 674 433 acen
702 378 884 434 rcavrr

247 526 312 572 Tm.
341 522 492 587 Tamquam,
511 517 530 563 li
543 517 606 566 intus
619 530 690 564 uemo
702 526 770 564 natus
783 517 808 564 in
822 517 917 564 aedibus
929 516 1025 567 habitet·
1063 517 1112 562 Phi·

724 596 756 642 lod
775 597 836 643 licet.
1082 603 1110 644 55

245 689 313 734 man.
349 685 402 732 Neu
419 682 542 740 quisquam
555 680 691 738 responset,
721 683 813 797 ῗωηᾶο
832 681 901 730 hasce
914 683 993 730 'aedes
1013 680 1112 738 pultabit

736 765 801 798 enex.

243 842 316 891 Philol.
345 839 466 896 Numquid
478 838 561 885 uliud?
620 840 685 885 Trou.
709 837 798 882 clauom
818 836 876 883 cdli
895 837 1008 883 harumce
1020 835 1111 882 aedium
1169 852 1172 893 ;
1198 873 1203 881 .

726 908 864 956 Laconicam

240 998 291 1045 lum
305 995 359 1043 iube
371 992 450 1053 ¹efferri
461 995 540 1041 intus:
564 994 632 1041 hasce
646 1004 691 1050 ego
705 993 774 1039 aedes
790 993 908 1038 occludam
923 991 978 1039 hinc
990 990 1058 1038 forie.

243 1081 314 1128 eleut
343 1081 371 1127 ln
385 1087 449 1125 tuam
464 1079 588 1125 custodiam
599 1072 725 1161 meque'et
739 1090 803 1123 meas
817 1077 867 1132 spes
880 1080 961 1131 trado,
984 1076 1084 1125 Tranio.

220 1170 309 1239 'Trou
344 1165 483 1213 PLVMA
510 1164 619 1210 Havu
646 1163 757 1217 luterell,
779 1173 906 1219 patronus,
929 1164 1110 1221 anclieuspro·

723 1239 773 1285 bior
787 1239 829 1286 liet
1081 1237 1110 1279 ⁶0
1156 1278 1158 1283 .

239 1327 350 1382 Homini,
373 1325 427 1385 quoi
441 1327 505 1374 nullu
519 1327 543 1373 in
557 1328 647 1385 pedore
661 1322 694 1373 est
709 1326 813 1371 audacia.

239 1414 302 1459 Nam
316 1410 407 1479 quoiuic
427 1411 534 1464 homini,
555 1411 592 1457 vel
606 1420 719 1468 optumo.
742 1411 778 1456 uel
793 1409 913 1467 peliumo,

239 1497 350 1551 Quamuis
364 1495 468 1542 desubito
482 1495 548 1541 facile
563 1494 594 1542 est
607 1494 683 1543 facere
697 1496 819 1553 nequiter:

238 1581 349 1630 (Clauem
364 1581 434 1634 cedo,
457 1588 525 1637 atque
539 1580 577 1626 abi
590 1581 668 1634 iutro,
692 1589 761 1637 atque
775 1581 870 1628 occlude
883 1579 988 1631 ostium)
1021 1628 1039 1647 ,

237 1666 326 1710 Verum
341 1665 364 1709 id
383 1665 509 1711 uidendum
522 1665 564 1718 ll,
585 1665 610 1711 id
624 1665 668 1712 viri
683 1666 742 1712 dolii
757 1665 789 1713 eii
801 1679 874 1722 opus,

236 1750 301 1803 Quae
320 1749 436 1806 delignata
450 1750 494 1796 sunt
507 1759 531 1797 et
544 1751 602 1796 facta
616 1750 735 1806 nequitia,

234 1837 271 1882 Ne
285 1835 340 1892 quid
354 1835 469 1891 patiatur,
492 1836 642 1892 quamobrem
659 1837 737 1893 pigeat
755 1837 848 1883 uiuere:
868 1823 873 1837 '

235 1918 372 1979 Ttanquille
387 1921 481 1974 cunila,
504 1931 528 1967 et
540 1931 566 1967 vt
580 1921 720 1976 proueniant
733 1921 781 1967 fine
794 1923 864 1967 malo.

233 1999 298 2049 Sicut
312 2017 354 2061 ego
367 2003 483 2058 efficiam,
505 2017 563 2060 quae
582 2004 641 2050 facia
656 2006 694 2050 hic
709 2007 861 2051 turbabimus.

234 2089 353 2143 Profeiio,
376 2098 402 2136 ut
415 2089 519 2146 liqueant
531 2089 611 2134 omnia
623 2099 646 2136 et
660 2091 785 2146 tranquilla
800 2090 859 2145 lint,

232 2176 314 2232 Neque
327 2175 453 2232 quidquam
468 2172 535 2217 nobis
548 2173 639 2228 pariant
654 2188 683 2222 ex
695 2174 717 2221 se
729 2174 880 2221 incommodi.

233 2259 278 2306 Sed
291 2259 347 2315 quid
360 2264 385 2306 tu
401 2258 534 2316 egrederis?
558 2257 631 2313 perii!
652 2262 682 2306 o!
702 2260 750 2307 iam
764 2261 813 2306 iam
826 2270 923 2317 optume
975 2260 978 2264 '

231 2346 360 2404 Praeceptis
373 2343 483 2402 paruisti!
513 2345 573 2389 Puer.
589 2344 651 2391 iuffit
662 2356 774 2393 maxumo

231 2428 307 2486 Opere
321 2443 403 2485 orate,
430 2438 455 2477 vt
468 2440 558 2487 patrem
574 2429 652 2486 aliquo
667 2429 803 2477 absterreres
816 2433 902 2486 modo,

206 2536 209 2545 ¹
231 2517 267 2562 Ne
281 2493 394 2563 introirec
425 2515 493 2563 adest.
526 2517 591 2560 Tran.
611 2516 667 2572 quin
683 2515 753 2560 etiam
768 2514 804 2560 illi
819 2516 863 2560 hoc
876 2514 965 2572 dicito,
1080 2526 1106 2572 75

230 2602 351 2647 Fuilurum
365 2613 418 2655 me,
441 2609 465 2645 vt
477 2612 506 2645 ne
521 2600 591 2645 etiam
608 2598 725 2654 adspicere
739 2601 807 2646 aedes
821 2603 921 2657 audeat,

231 2685 312 2741 Capite
325 2684 451 2737 obuoluto,
472 2694 497 2730 vt
511 2683 585 2742 fugiat
600 2697 652 2729 cum
665 2682 757 2729 summo
772 2695 852 2731 metu:

230 2768 320 2814 clauim
335 2769 404 2820 cedo.
426 2782 494 2827 atque
508 2772 546 2817 abi
559 2772 614 2817 hinc
626 2771 703 2821 intro,
728 2766 796 2825 at'que
810 2771 906 2818 occlude
919 2769 1029 2828 ostium,
1043 2758 1046 2763 ¹

229 2852 260 2898 Et
273 2864 316 2908 eso
330 2852 522 2913 hinc-occludam.
551 2857 605 2902 iube
621 2857 699 2903 ucuire
713 2869 775 2901 nuuc
786 2855 842 2902 iam.

230 2935 306 2980 Ludos
320 2947 364 2992 ego
378 2936 447 2983 ltodie
462 2939 516 2984 uiuo
529 2940 642 2994 praesenti
656 2943 695 2986 hic
706 2940 753 2986 leni
1080 2949 1109 2995 ⁸⁰

229 3016 336 3073 Faciam,
362 3022 424 3077 quod
436 3026 504 3070 credo
518 3037 610 3072 mortuo
625 3038 753 3083 numquam
766 3024 823 3072 fote.

229 3105 359 3151 Concedam
374 3120 388 3153 a
401 3107 490 3156 foribus
505 3112 564 3164 huc,
588 3112 641 3157 hinc
654 3112 789 3169 speculabor
801 3110 901 3167 procul,

228 3189 296 3259 Vude
308 3192 440 3241 aduenienti
454 3194 569 3242 iarduam
583 3198 704 3256 imponam
716 3197 772 3247 seui.

1195 924 1203 967 l

1190 1006 1203 1050 l

1186 1089 1203 1132 S

1184 1173 1203 1224 Q
