2767 4384
260 417 332 486 114
416 386 433 424 ⁴³
457 398 887 494 'nr'.ncc'11'1>nnvr1

256 556 443 611 semiformes,
465 557 611 615 versipelles,
638 552 732 614 dallldl,

254 642 349 690 occlusa
362 642 429 689 mille
442 642 729 698 olauibus'iibi‘reseranta

252 724 388 790 Furriprque
402 735 508 785 raptant.
531 706 683 785 consumunt,
705 730 833 790 liguriunt:

252 815 355 863 Centena
368 826 496 872 numquam
509 815 666 862 furtasdisluri
680 827 762 865 crure:
827 835 829 839 ·
922 866 924 873 ,

252 901 292 950 Sis
303 901 439 950 seruitutem
451 902 588 950 ulciscuntur
601 902 661 949 serui
674 902 746 956 neali,

250 985 306 1034 Risu
320 986 428 1043 iocisque.
456 987 495 1033 Sio
509 999 563 1046 ergo
580 986 708 1045 concludo,
729 989 791 1047 quod
888 1020 890 1025 .

251 1070 335 1118 Seruus
348 1070 429 1118 fideles
441 1070 568 1120 liberalitas
581 1072 642 1120 facit,

251 1161 325 1217 Lycao.
346 1160 414 1206 Resle
429 1160 522 1217 quidem
537 1167 579 1212 tu,
601 1158 701 1206 sednon
719 1157 813 1215 paucis,
835 1163 861 1205 vt
872 1157 932 1206 milri

250 1247 375 1294 Pollicitus.
404 1247 510 1295 Verum,
530 1241 584 1290 lite
600 1242 660 1289 faulo
674 1243 790 1298 liberum,

249 1334 356 1387 Reddes,
377 1334 439 1392 quod
452 1330 542 1387 cupio?
581 1329 647 1376 Snob.
664 1332 773 1377 reddam:
796 1330 834 1378 sed
848 1329 914 1379 testes
928 1330 982 1379 volo

249 1418 345 1466 ddunt:
368 1417 471 1476 ignosces
484 1415 559 1461 here?
586 1427 670 1472 parum
684 1416 752 1462 eredo
766 1415 815 1463 tibi

250 1505 324 1559 Lycm
347 1502 471 1553 Velubeta
495 1500 570 1547 adsint
583 1500 745 1553 velsentum3
766 1501 813 1546 iam
828 1498 861 1546 nil
874 1512 961 1548 moror.
1092 1510 1125 1557 50

250 1587 316 1635 Strob.
345 1588 487 1647 Megadore‚
512 1596 536 1634 et
554 1595 580 1634 tu
593 1585 726 1640 Eunomia,
752 1584 827 1634 adeste
841 1596 937 1643 precor,
956 1583 1054 1635 silibet.

234 1675 331 1731 ⁵Errite:
353 1660 452 1731 perseus
464 1684 490 1718 re
504 1684 559 1718 mox
573 1672 685 1719 redibitis
707 1652 711 1658 ⁸

249 1762 311 1820 Meg.
340 1759 386 1816 Qui
407 1771 451 1807 nos
472 1759 559 1806 vorat?
585 1758 642 1805 hem
662 1755 785 1814 Lyoonide.
841 1757 897 1803 Em
927 1757 986 1806 hem
1003 1754 1113 1816 mue,

731 1831 787 1890 quid
806 1829 857 1878 est?

248 1918 389 1976 Loquiminl.
406 1969 409 1975 ¹
428 1918 502 1974 Lycon.
518 1916 589 1962 breue
601 1914 640 1962 eil.
678 1916 741 1975 Meg.
758 1913 813 1972 quid
827 1916 878 1963 ests
918 1913 986 1965 sau.
1000 1917 1118 1968 vostestes

467 2014 474 2028 ,
731 1995 795 2029 uoco.

213 2043 222 2056 Ι
250 2066 276 2116 Si
289 2067 455 2127 quadrilibrem
468 2068 547 2114 aulam
560 2068 611 2113 auri
624 2066 719 2124 plenam
732 2068 778 2114 lruc
791 2068 886 2123 adsero,
1089 2079 1118 2124 ςς

248 2153 280 2201 Ee
293 2155 359 2202 trado
372 2152 518 2211 sponsore,
538 2151 665 2209 Lyconides
679 2164 719 2198 me
731 2165 803 2198 manu
871 2200 875 2207 ,

247 2240 338 2293 Mittits
359 2241 469 2297 iubetque
483 2238 540 2285 iuris
552 2238 597 2285 esse
608 2230 648 2287 'me
663 2236 717 2284 mei.

246 2322 312 2371 itane
325 2323 441 2380 spondes?
469 2328 544 2382 Lycen.
559 2326 668 2384 spondeo.
698 2322 764 2370 Srreb.
781 2325 857 2370 iamne
871 2323 964 2373 audistis
976 2327 1036 2384 hoc,

247 2410 314 2464 Quod
329 2410 407 2456 dixit?
434 2409 494 2469 Meg.
510 2409 649 2459 audiuimus.
679 2413 745 2459 strab.
761 2413 812 2458 irrru
824 2412 887 2459 enim
899 2423 940 2469 pes
954 2412 1046 2461 souenr.

247 2498 321 2552 Lycone
343 2496 421 2551 Hem,
444 2509 489 2555 quo
503 2498 606 2543 redaslus
619 2497 669 2543 sum
684 2496 760 2544 alieno
776 2499 853 2545 malo!
933 2544 949 2583 0
1086 2502 1119 2547 60

245 2584 322 2631 Nimis
336 2597 421 2642 procax
433 2597 464 2630 es.
494 2584 556 2639 quod
569 2584 652 2636 lubet,
676 2582 760 2630 faciam
772 2593 860 2631 tamen.

247 2667 313 2714 Strob.
342 2668 407 2715 Heus
420 2678 460 2721 tu,
484 2668 559 2715 nostra
572 2677 635 2715 aetas
647 2681 694 2715 non
707 2667 808 2713 multum
822 2667 877 2715 fidei
889 2665 963 2725 gerit:

246 2755 353 2804 Tabulae
368 2764 491 2802 notantur:
517 2755 599 2802 adsunt
611 2754 677 2802 testes
690 2751 829 2799 duodecima

246 2838 352 2895 Tempus
366 2840 488 2896 locumque
502 2839 578 2886 scribit
591 2838 721 2891 asinarium

246 2921 338 2969 Tamen
350 2924 468 2972 inuenitur
481 2927 583 2982 muetos,
604 2927 643 2985 qui
655 2924 741 2972 nuum
755 2931 831 2981 neges
1085 2929 1116 2976 ds

246 3008 320 3061 Lycon.
342 3011 387 3056 Sed
401 3024 439 3058 me
451 3011 495 3059 cito
514 3011 595 3070 expedi
609 3010 645 3059 ds.
675 3009 742 3060 sord.
758 3013 813 3058 hem
827 3009 913 3058 filiaem
926 3007 977 3053 tibi.

246 3093 320 3146 Lycon.
345 3096 369 3141 Si
385 3109 427 3153 ego
441 3106 465 3145 te
478 3097 550 3144 sciens
563 3096 715 3165 fallamuiur
729 3110 767 3145 me
781 3098 858 3144 eiiciat
871 3092 988 3149 Diespiter
1040 3134 1045 3141 .

223 3230 228 3239 ,
245 3177 334 3230 Bonis,
357 3179 419 3228 salua
433 3185 488 3229 orbe
501 3192 524 3230 et
537 3195 608 3238 arce,
631 3190 656 3230 vt
670 3194 712 3240 ego
727 3184 789 3230 hune
802 3174 910 3236 lapldem.
939 3178 1012 3226 Satin·

244 3263 296 3308 Iam
308 3262 352 3310 feci
367 3258 428 3312 tibi?
457 3266 521 3313 Surb.
536 3267 596 3313 satis.
625 3276 651 3314 vt
663 3280 706 3327 ego
720 3279 801 3335 aurum
815 3268 951 3324 adpossem,
969 3278 1006 3312 eo.

246 3347 319 3402 Lycao
342 3345 466 3407 [Pegaseo
478 3353 566 3411 gradu.
589 3358 614 3401 et
627 3351 853 3401 romviamredi.
939 3348 942 3353 '
1082 3358 1117 3404 το
