2767 4384
284 362 304 432 8
506 374 552 425 ru.
577 350 707 433 icen
734 378 921 461 ruavri
1139 398 1144 417 ..

282 511 391 569 Aliquem
404 513 525 573 hpminem
536 517 654 576 allegent,
676 520 715 575 poi
730 517 765 564 mi
777 518 910 567 aduenienti
923 532 948 565 or
963 518 1053 568 occiiiet
1066 521 1154 577 probe:

284 602 409 656 Quoniam.
421 602 481 652 bene
495 613 554 675 puae
568 603 593 650 in
605 616 643 653 me
656 602 768 658 feceruut,
786 604 874 661 ingrata
887 618 914 651 ea
922 605 992 651 habui
1000 613 1070 662 atque
1081 606 1152 658 ircim.

281 686 350 733 More.
365 686 430 735 Facie
438 687 490 743 iiie,
506 689 568 747 quud
581 689 651 747 vulgo
664 690 727 737 baud
739 688 829 790 fulginati
844 698 876 743 ut,
895 686 985 746 pridie
1005 689 1034 736 iit
1045 691 1157 799 digaurgg¹

281 822 326 883 dost
350 825 418 880 Quod
431 838 551 885 nunquam
565 830 673 887 opinatus
687 830 737 882 fui,
761 841 835 886 requie
849 828 908 874 aiios
921 825 1043 886 quisquam
1057 828 1155 885 ciuium.

284 912 334 959 Sibi
348 922 506 967 euenturum,
523 915 547 964 id
561 915 673 974 contigit,
689 923 715 963 vt
728 911 784 960 salui
797 913 926 970 potiremur
939 913 1044 967 domum,

282 998 387 1045 Videres
399 998 463 1044 vitiis
476 998 578 1046 boiiibur
592 1000 696 1057 legiones
710 998 833 1046 reueniunt
845 1001 951 1052 domum,

282 1081 368 1129 Duello
381 1083 488 1135 exstineto
502 1096 629 1139 maxumo,
659 1094 728 1142 atque
744 1086 892 1140 internecatis
907 1085 1015 1140 hostibus.

206 1168 208 1175 ’
284 1165 330 1219 Qui
345 1167 420 1214 muita
433 1168 547 1218 Thebano
561 1171 648 1229 popoio
661 1173 744 1219 acerba
756 1173 841 1220 obiecit
854 1174 945 1227 funem,
1124 1178 1155 1225 35

283 1251 345 1307 irini
363 1262 388 1305 et
402 1255 486 1308 uirtute
501 1256 604 1304 miiitum
618 1255 703 1301 vicum
717 1266 786 1315 atque
801 1267 958 1315 expugnatum
977 1255 1093 1314 oppidum
1115 1257 1155 1311 eii,
1193 1270 1194 1275 ¹

282 1336 384 1397 Imperio
398 1351 467 1398 atque
481 1340 582 1398 auspicio
596 1338 646 1389 heri
657 1338 705 1389 mei
717 1341 893 1398 Amphitruonis
908 1341 1017 1389 maxime.
1117 1346 1119 1351 '

283 1424 372 1479 Praeda
391 1436 461 1491 atque
475 1440 530 1487 agro
542 1428 670 1484 adoreaqne
685 1425 769 1473 adiecit
782 1429 905 1487 populares
919 1428 978 1479 suos.

282 1511 387 1570 Regique
401 1514 515 1560 Thebano
528 1512 621 1559 Creonti
634 1523 732 1571 reguum
744 1512 853 1563 stabiliuit
863 1511 937 1559 suum.

283 1598 325 1645 iiie
339 1611 353 1643 a
366 1606 432 1661 portu
447 1599 563 1657 praemisit
578 1600 695 1651 domum,
722 1604 748 1649 ut
761 1598 818 1643 baec
832 1597 937 1649 nuntiem
952 1598 1018 1647 uxori
1030 1597 1094 1655 suae,
1123 1611 1157 1655 ec

284 1682 318 1729 Vt
331 1682 423 1740 geisertt
435 1685 604 1742 rempublicam
619 1685 705 1734 dudio,
734 1681 849 1738 imperio,
865 1681 966 1740 auspicio
979 1684 1027 1731 ioo,

284 1768 319 1818 Ea
333 1784 395 1819 nuuc
409 1771 555 1822 nieditabor,
584 1781 629 1826 quo
644 1767 714 1814 modo
728 1767 763 1815 iili
777 1769 871 1824 dicam,
887 1783 959 1827 quum
973 1771 1014 1820 iiio
1028 1760 1154 1828 aduenere,

285 1855 402 1907 Sidirrero
416 1856 577 1909 mendacium.
607 1855 681 1902 solens
694 1866 747 1902 meo
761 1870 826 1907 more
839 1857 922 1906 fecero.
976 1907 978 1917 ¹

284 1942 345 1991 Nam
360 1954 431 1999 quom
444 1942 478 1993 illi
492 1943 626 2001 pugnabant
640 1953 769 1993 maxume,
785 1952 828 1999 ego
842 1951 893 1987 tum
907 1920 1023 1998 fugiebam
1035 1955 1155 1989 maxume.

284 2028 372 2074 Verum
384 2037 472 2080 tamen,
488 2027 551 2091 quali
563 2027 687 2081 adfuerim,
702 2024 823 2076 iimoiabo.
836 2035 905 2085 atque
914 2026 994 2073 audita
1004 2026 1107 2084 eloquar.
1123 2037 1154 2083 45

286 2113 332 2165 Sed
346 2124 392 2169 quo
407 2114 492 2165 modo,
508 2121 533 2159 et
546 2112 622 2159 verbis
637 2111 720 2167 quibus
734 2112 871 2165 mererent,
886 2111 1018 2166 iaboiarien

284 2198 353 2245 Prius
365 2196 413 2253 ipse
427 2209 520 2251 mecum
535 2197 605 2246 etiam
621 2197 675 2245 volo
688 2196 726 2243 iric
740 2196 854 2244 meditari.
882 2196 913 2242 iic
926 2198 970 2242 boc
984 2197 1116 2257 proloquar.

286 2282 401 2341 Principio
415 2292 440 2330 ut
453 2279 499 2328 ilio
509 2284 665 2337 aducamus,
695 2283 734 2330 vbi
746 2283 849 2340 primum
861 2291 946 2331 terram
959 2283 1087 2342 tetigimus,

249 2380 254 2389 ⁶
288 2367 404 2416 Continuo
422 2369 560 2425 iimpbitruo
574 2369 660 2426 delegit
674 2369 736 2416 viros
747 2370 876 2427 primorum
890 2370 1019 2427 principes:

285 2455 332 2502 Eos
346 2455 407 2512 legat
419 2468 425 2501 ε
455 2455 565 2501 Telebois
577 2454 642 2500 iubet
654 2453 791 2503 sententiam
806 2465 831 2503 vt
843 2456 920 2503 dicant
933 2454 1005 2505 suam·
1126 2467 1158 2509 50

288 2536 312 2592 si
325 2539 372 2585 fine
384 2538 408 2585 vi
423 2546 447 2587 et
460 2536 508 2587 sine
520 2538 582 2588 bello
596 2539 669 2585 velint
682 2547 748 2595 raptu
760 2549 784 2587 et
797 2550 899 2596 raptores
919 2543 1018 2596 tradere,

286 2624 310 2670 si
324 2636 383 2681 quae
397 2622 562 2682 asportassent,
586 2623 724 2675 reddereuti
751 2622 773 2671 se
788 2627 914 2673 exercitum
928 2626 1045 2682 extempio
1057 2627 1157 2677 domum

284 2712 461 2765 Reduiiurum‚
490 2710 594 2759 abituros
607 2721 663 2767 agro
678 2710 796 2765 Argiuos.
821 2723 902 2767 pacem
917 2721 984 2767 atque
998 2712 1074 2758 otium

284 2801 346 2847 Dare
360 2799 423 2845 iiiior
450 2798 484 2845 iirr
498 2797 565 2847 aiiter
578 2796 637 2847 fient
648 2794 760 2849 animati,
789 2806 863 2851 neque
875 2797 938 2848 deut,
951 2809 1010 2852 quaa
1023 2808 1101 2854 perata

286 2883 338 2932 rese
353 2885 424 2941 igitur
438 2882 530 2929 summa
545 2881 568 2928 ui
580 2882 681 2938 uirisque
696 2893 777 2930 eorum
790 2879 901 2937 oppidum
916 2880 1086 2938 expuguaffere.
1126 2893 1155 2937 55

285 2969 348 3018 Haec
361 2969 399 3014 vbi
408 2967 519 3018 Telebois
533 2967 614 3016 ordire
629 2966 758 3021 iterarunt,
783 2978 840 3023 quos
853 2965 994 3024 praefecerat

286 3055 446 3111 Amphitruo:
474 3052 618 3117 magnanimi
633 3054 677 3100 viri
690 3050 743 3101 freti
762 3044 854 3106 uirtute.
870 3061 894 3099 et
907 3052 995 3099 viribus

288 3139 403 3196 Superbi.
432 3139 503 3189 uimir
517 3138 624 3187 ferociter
638 3139 725 3198 legatos
740 3136 826 3185 nostros
839 3137 966 3192 increpant

287 3224 450 3282 Respondent.
474 3225 536 3274 beiio
549 3224 572 3272 ie
587 3234 610 3271 et
622 3224 674 3271 suos
688 3225 758 3271 tutari
773 3222 852 3281 posse:
877 3221 974 3278 proinde
988 3222 1022 3272 uti

286 3296 388 3366 Propere
405 3311 434 3357 de
447 3309 533 3359 finibus
545 3313 592 3361 suis
606 3314 718 3365 exercitur
733 3308 878 3356 deducerent.
1125 3316 1160 3358 60

286 3396 351 3443 liaeo
364 3394 402 3439 vbi
416 3393 486 3451 iegati
500 3399 632 3452 permitte,
662 3395 801 3453 Amphitruo
815 3392 892 3439 eastris
906 3393 968 3439 illico

287 3476 396 3528 Producit
409 3491 503 3528 omnem
518 3484 651 3531 exercitum.
672 3490 752 3547 eontra
763 3478 879 3525 Teicboac
894 3491 922 3525 eu
935 3477 1022 3536 oppido

288 3565 401 3625 Legiones
417 3566 517 3615 educunt
530 3568 596 3623 suas,
626 3568 695 3615 nirnir
709 3561 809 3625 pulchris
824 3561 895 3615 armis
909 3563 1033 3619 cruditis,

1095 3645 1156 3698 rori-
