2767 4384
254 406 325 481 310
486 404 532 457 M.
558 404 683 501 Alcen
709 406 893 461 PLAVTI·

252 543 307 592 Sine
325 557 364 590 nre
382 544 460 591 uliiato
474 544 540 603 fungi
558 546 662 593 fortunas
678 559 750 593 mera

251 628 291 675 Tu
305 626 450 682 fortunatus,
473 641 516 687 ego
530 629 614 677 milet:
639 631 750 686 patiunda
762 631 822 677 lirnr.

251 713 334 781 ldeum
348 714 436 757 bonum
451 726 506 765 me.
525 724 548 760 te
562 723 629 761 tuum
644 720 739 761 maneat
753 714 849 760 malum.

251 784 319 842 Μ.
349 795 418 849 Quuli
429 797 533 844 inuidere
548 797 607 849 milri
621 798 666 843 lruo
680 798 775 850 videre,
798 794 904 843 Grunrio.

251 880 311 933 Quia
325 881 384 924 mihi
399 882 458 945 irene
472 882 519 935 est,
546 891 570 929 et
584 883 626 929 tibi
642 883 703 928 maie
718 881 767 934 esta
789 878 955 937 nigniffumum
969 876 1010 925 est.

251 966 324 1011 Decet
337 979 374 1013 me
389 979 467 1013 amare
482 977 506 1014 et
519 977 542 1013 te
558 965 740 1013 bubulnitarier:
1094 968 1120 1014 50
1200 952 1203 1013 ζ

249 1049 292 1097 Me
307 1049 408 1096 virtitute
422 1051 532 1107 pulchre,
554 1048 681 1097 remiseris
698 1047 781 1094 modis.
844 1042 846 1047 '
1199 1035 1203 1044 ⁴

252 1135 327 1191 Quem
345 1134 365 1180 0
379 1134 514 1180 carnificum
528 1135 630 1181 cribrum
641 1165 653 1189 a
671 1135 734 1190 quod
748 1133 816 1179 credo
831 1131 897 1178 fore:

250 1215 285 1262 lta
300 1227 323 1264 te
336 1217 445 1264 forabunt
457 1219 610 1274 patibulatum
624 1231 666 1276 per
679 1220 730 1265 vias

248 1300 369 1355 Stimulis,
394 1300 411 1347 li
426 1304 471 1347 huo
485 1303 590 1349 reueniat
603 1303 681 1359 leuen,

252 1385 316 1431 Traia
346 1386 391 1439 Qui
407 1385 456 1440 sois,
472 1400 501 1432 an
513 1389 555 1434 trbr
573 1388 629 1435 rliuo
640 1400 706 1446 perus
718 1386 819 1439 eueniat.
835 1397 904 1442 quam
918 1356 1000 1429 milri’
1092 1387 1116 1432 55

250 1471 325 1516 Grum.
346 1471 406 1524 Quia
416 1484 547 1533 numquam
561 1473 652 1518 merui:
672 1483 699 1518 eu
715 1470 833 1525 meruisti,
855 1479 879 1515 et
893 1479 955 1513 uuae
970 1476 1057 1535 meru.

253 1556 317 1601 man.
347 1555 465 1603 orationis
475 1567 571 1611 operam
583 1553 773 1612 compendiaco,

249 1638 298 1686 Nili
314 1648 336 1684 te
352 1640 412 1684 mala
426 1653 450 1685 r„-
463 1652 548 1695 magna
562 1640 655 1684 irradiari
669 1639 743 1696 cupis.

251 1723 326 1768 Grum.
346 1723 432 1770 Eruom
444 1723 544 1769 daturiu'
559 1723 625 1775 estis,
647 1724 722 1769 bubus
734 1724 796 1781 quod
810 1721 906 1770 feram!

247 1807 307 1852 Date
321 1818 375 1859 aes,
396 1806 474 1852 finon
488 1807 545 1852 estis.
574 1808 634 1864 agite
648 1820 733 1864 porro,
753 1806 858 1863 pergite,

249 1889 371 1944 Quomodo
385 1890 517 1947 ooeeuistis:
542 1891 630 1946 bibite,
650 1888 850 1949 numeremini,

247 1973 317 2026 Este,
340 1974 441 2020 efferoire
454 1986 511 2026 vos.
509 1974 636 2033 saginam
649 1975 745 2020 caedite.

252 2058 319 2101 Trou.
349 2058 428 2110 Tace,
451 2068 519 2113 atque
531 2072 570 2104 rus
585 2060 640 2105 abi:
662 2073 705 2116 ego
719 2059 753 2106 ire
767 2058 792 2104 in
807 2056 929 2105 Piraeeum
941 2054 1015 2109 volo

247 2138 276 2185 In
290 2139 410 2194 vesperum
425 2152 505 2194 parare
519 2141 632 2198 piscatum
646 2143 714 2190 mihi.

246 2222 336 2268 Eruom
350 2223 392 2269 tibi
405 2225 488 2280 aliquis
502 2238 553 2271 eras
565 2225 619 2273 saxo
634 2229 664 2274 ad
678 2227 760 2274 uillam
776 2225 872 2273 adferet.

248 2306 309 2361 Quid
323 2305 374 2352 elil
396 2308 450 2362 quid
462 2319 487 2356 tu
506 2323 546 2357 me
559 2325 621 2359 nunc
635 2315 748 2366 obruere,
766 2309 879 2357 furcifer!

250 2392 326 2437 Gmm.
345 2391 387 2437 Pol
402 2392 445 2438 tibi
458 2391 515 2439 istun
527 2398 596 2442 credo
607 2410 692 2443 nomen
707 2397 808 2441 adiutum
822 2384 881 2440 fore.

251 2473 316 2519 Tran.
347 2476 410 2520 Dum
425 2476 513 2524 interea
526 2479 557 2525 lio
570 2480 612 2535 fit,
634 2481 691 2527 istue
703 2484 804 2527 adiutum
819 2479 875 2525 lino.

247 2561 324 2607 orum,
343 2559 431 2607 luen
460 2562 588 2610 sedunum
610 2566 689 2612 Hoc
712 2565 850 2616 semo,
880 2561 1121 2613 almlooelerior

244 2645 347 2698 Venire.
363 2647 425 2703 quod
438 2647 561 2694 molestum
576 2649 622 2704 est,
647 2663 717 2707 quarn
731 2650 772 2700 id,
792 2648 852 2704 quod
864 2646 947 2703 cupide
960 2655 1034 2704 petas.
1091 2655 1122 2700 το

248 2729 312 2774 Tm
342 2729 453 2776 Molestus
465 2745 495 2777 no
508 2730 552 2777 lis:
571 2745 633 2778 nune
647 2733 696 2778 iam
711 2733 787 2785 irus,
809 2740 878 2786 teque
891 2743 986 2779 amone.

245 2813 281 2859 Ne
296 2823 322 2858 tu
337 2826 414 2867 erres,
437 2817 514 2861 hercle
533 2818 681 2872 praeterhac
695 2817 754 2863 mihi
768 2829 814 2861 non
827 2814 897 2861 facies
911 2827 1010 2863 moram.

200 2941 206 2953 ,
248 2899 324 2944 Grum.
346 2897 419 2951 sadn’
433 2899 505 2953 abiit,
527 2911 603 2956 neque
618 2902 680 2958 quod
694 2901 743 2947 dixi
753 2899 820 2946 flocci
834 2899 971 2946 existumat!

244 2980 290 3027 Pro
303 2983 334 3029 Di
348 2983 511 3033 immortales!
534 2986 627 3033 obsecro
641 2987 740 3033 vostrum
754 2983 833 3031 iidem.
958 2974 960 2979 ’

244 3065 337 3119 Facite,
360 3070 406 3116 huo
418 3078 443 3116 rt
459 3072 539 3117 redeat
557 3070 630 3118 noster
648 3069 822 3128 quamprimum
836 3068 921 3124 senex,
1087 3078 1119 3125 Π

244 3147 384 3196 Triennium
400 3153 439 3208 qui
454 3154 502 3200 ianr
516 3155 570 3200 lrino
584 3155 659 3201 abeli:
682 3153 817 3212 priusquam
831 3155 911 3201 omnia

242 3232 348 3287 Periere,
372 3245 395 3282 et
406 3239 484 3293 aedis,
507 3247 530 3285 et
543 3251 612 3296 ager:
637 3239 676 3296 qui
691 3238 733 3285 uili
747 3239 793 3284 huc
804 3238 879 3292 redit,

247 3313 375 3365 Paucorum
391 3321 505 3368 manlium
516 3321 567 3369 sunt
578 3322 669 3369 relielae
681 3323 800 3379 reliquiae.

246 3401 315 3448 Nunc
330 3416 369 3448 rus
384 3404 458 3452 abibo.
487 3419 542 3453 narn
557 3419 636 3452 eccum
651 3407 750 3455 herilem
764 3405 840 3452 filiurn

243 3485 318 3534 Video
332 3499 466 3546 corruptum
482 3491 520 3537 laic
534 3503 562 3539 ea
575 3491 717 3553 adolescente
731 3497 834 3547 optumo.
