2767 4384
507 410 867 464 ‘Avuvaaatm
1081 400 1126 484 87

263 545 325 591 Nam
344 543 517 593 oratori
532 545 596 594 nulla
611 546 684 604 potest
701 548 772 604 eligi:
797 549 843 595 alia
858 549 905 596 alia

263 630 347 684 Peior,
372 628 456 683 frater,
482 630 520 678 est.
550 630 610 690 Meg.
626 632 688 679 idem
708 644 752 690 ego
768 634 882 689 arbitror,
904 633 1004 682 necubi
1096 637 1130 679 αθ

261 714 382 761 Aduersari
397 724 485 762 certum
501 716 533 763 eil
547 718 575 764 de
585 717 639 763 ilino
653 730 678 763 re
692 729 818 774 umquam,
839 719 909 765 soror.
1144 713 1149 727 ³

262 800 316 843 Eun.
346 800 382 844 Da
394 798 453 844 mihi
468 813 579 859 operam,
603 803 693 848 amabo.
722 805 783 862 Meg.
800 812 841 850 tua
857 805 905 858 eila
928 810 993 851 utere

247 888 335 954 >Atque
349 886 454 944 impera,
477 886 564 943 siquid
578 883 632 933 vis.'
648 889 703 933 Eua.
717 888 741 934 itl
755 890 816 945 quod
830 889 918 936 iurem
932 898 998 936 tuam

261 972 390 1028 Optumum
407 971 452 1020 ell'e
466 970 582 1025 arbitror,
598 970 624 1017 'te
638 970 663 1017 id
675 973 821 1020 admonitum
835 975 943 1021 adueoto.

261 1057 322 1115 Meg.
352 1058 436 1113 Soror,
459 1071 525 1106 more
539 1041 658 1105 tuo'facis.
697 1061 752 1104 Eum
773 1057 902 1106 failavolo.
936 1060 997 1118 Meg.
1022 1058 1077 1120 quid
1094 1055 1126 1105 eil

470 1151 473 1159 ·
741 1130 782 1185 id,
917 1136 920 1140 '
1089 1139 1121 1183 25

259 1215 350 1262 Soror?
378 1218 433 1262 fun.
460 1214 569 1269 Qvoll
597 1215 688 1263 TIBl
714 1187 881 1275 sempitemum
895 1216 992 1264 salutnre

258 1301 294 1348 Sit
308 1303 455 1360 procreandis
462 1300 555 1348 liberis.
583 1302 645 1360 Meg.
665 1302 700 1348 ita
714 1303 737 1348 di
750 1302 839 1351 faxint!
921 1354 924 1361 .

259 1393 313 1435 Eun.
329 1391 391 1437 Volo
404 1398 427 1439 te
441 1400 536 1437 uxorem
552 1388 649 1434 domum
662 1388 753 1436 ducere.
781 1390 844 1448 Meg.
863 1388 903 1436 bel
914 1386 1004 1434 occidi!

259 1477 315 1518 Eure.
345 1473 406 1527 Quid
417 1471 468 1519 ita?
495 1472 556 1531 Meg.
572 1472 627 1529 quia
642 1472 702 1521 mibi
713 1474 799 1522 nrisero
811 1476 933 1522 cerebrum
946 1474 1066 1521 excutiunt

259 1559 313 1604 Tua
327 1559 398 1610 diita,
420 1556 495 1603 soror:
522 1556 611 1614 lapides
624 1558 733 1615 loqueris.
761 1562 816 1605 Eun.
831 1559 898 1612 beia,
915 1559 1036 1613 bociam,
1093 1564 1126 1610 30

257 1642 324 1696 Quod
339 1650 361 1688 te
374 1641 439 1688 iubet
450 1623 520 1687 soror.
549 1642 611 1700 Meg.
628 1642 752 1698 illubeat,
774 1643 865 1691 fatiam.
894 1646 949 1689 Eun.
967 1645 992 1690 iu
1005 1656 1057 1690 rem

253 1728 307 1775 'Hoc
321 1736 386 1774 tuam
399 1725 438 1773 eit
466 1727 529 1785 Meg.
545 1738 570 1774 ut
582 1730 676 1785 quidem
695 1730 809 1782 emoriar,
831 1726 966 1784 priusquam
975 1726 1066 1773 duoaur.

257 1814 304 1862 Sed
318 1814 354 1860 bis
366 1813 471 1870 legibus,
493 1810 511 1857 ii
525 1823 596 1868 quam
608 1814 664 1860 dare
677 1816 730 1869 vis,
751 1816 849 1861 ducam:
870 1824 929 1871 quae
987 1871 991 1875 Ι

258 1902 316 1947 Cras
333 1899 427 1953 veniat,
450 1900 561 1957 perendie
574 1900 635 1947 foras
648 1900 750 1954 feratur,
771 1892 840 1945 sotor.
892 1907 894 1914 ·

255 1985 398 2042 liislegibus
412 1998 482 2043 quam
495 1986 613 2040 daretis,
635 1988 710 2040 cedo,
738 1985 830 2041 nuptias
843 1983 937 2029 adorna.
1091 1990 1122 2038 35

215 2102 220 2107 -
254 2074 310 2117 Eua
339 2072 415 2126 Quam
428 2061 641 2129 maxuma'polsum
659 2070 827 2133 tibi,srater‚
850 2068 904 2114 dare
917 2068 985 2115 dore:

255 2157 300 2202 Sed
315 2156 346 2203 est
359 2143 466 2213 grandior
479 2169 543 2207 natu.
572 2160 649 2205 media
661 2157 693 2205 eil
707 2154 811 2202 mulieris
824 2162 904 2206 aenea

254 2243 437 2296 Eamsriubea,
460 2243 546 2297 frater,
569 2244 611 2289 tibi
626 2256 664 2288 me
678 2241 787 2298 poscere,
812 2235 910 2294 poscam.
977 2280 979 2283 ,

254 2330 316 2388 Meg.
345 2332 409 2378 Num
423 2342 469 2375 ooo
489 2328 524 2375 vis
543 2341 581 2374 me
601 2322 801 2382 interrogarem?
843 2323 897 2368 Ειυι.
919 2320 1009 2375 immo,
1032 2320 1120 2380 liquid

734 2403 785 2459 vis,
811 2414 874 2460 roga.

251 2497 315 2556 Meg.
343 2496 443 2545 POST
464 2492 639 2543 :tinniant
667 2498 784 2543 nentem,
816 2488 856 2546 qul
873 2485 1121 2539 mediamduoitvxo·

399 2630 406 2639 ‚
682 2570 685 2578 '
735 2589 786 2623 rem
800 2578 914 2626 domama
1087 2587 1120 2631 ⁴⁰

252 2665 278 2711 si
292 2676 344 2711 eam
358 2664 426 2711 senex
439 2676 511 2711 anum
525 2670 692 2720 praegnantem
706 2662 802 2710 sonuitu
816 2662 911 2717 fecerit,
990 2674 992 2678 ·

252 2752 313 2805 Quid
326 2752 431 2804 dubitas,
452 2751 509 2808 puin
523 2748 550 2795 srt
564 2759 670 2806 paratum
684 2760 769 2795 nomen
784 2760 857 2803 puero
871 2744 1011 2793 Postumus?

250 2838 320 2883 Nuuo
332 2848 375 2893 ego
388 2836 473 2889 istum,
496 2827 574 2887 soror,
601 2834 705 2879 laborem
722 2832 830 2881 demam,
853 2840 876 2876 et
888 2830 1016 2879 diminuam
1029 2834 1079 2880 tibi.

249 2920 301 2977 Ego
315 2922 398 2966 virtute
411 2920 504 2971 Deum,
520 2928 544 2964 et
557 2918 672 2963 maiorum
684 2916 828 2970 nostrorum,
850 2915 917 2962 diues
929 2915 980 2964 ium
994 2911 1053 2965 saris.
1145 2932 1147 2936 ·

250 3005 307 3052 Illas
321 3015 416 3061 magnas
429 3001 551 3055 sattiooea,
575 3002 678 3056 animos,
702 3003 768 3048 dotes
783 2999 895 3055 dapsiles,
1084 3016 1117 3063 tt

251 3089 387 3142 Clamores,
409 3088 520 3144 imperia,
544 3081 638 3135 eburata
652 3090 771 3141 vehicula,
796 3087 883 3143 pallas,
908 3100 1052 3146 purpuram,

250 3175 317 3223 Nihil
330 3186 422 3227 moror,
441 3185 499 3231 quae
513 3173 537 3221 io
549 3172 682 3220 seruitutem
694 3160 808 3219 sumtibus
820 3167 933 3227 'redigunt
947 3174 1015 3221 ubas.

252 3263 306 3307 Eam.
335 3258 379 3305 Dic
391 3258 465 3314 mibi,
489 3258 588 3317 quaeso,
604 3258 655 3315 quis
669 3271 698 3305 ea
711 3255 757 3310 est,
773 3269 843 3314 quam
856 3256 890 3302 vis
903 3259 987 3308 dooere
1002 3265 1116 3312 uxorem?

622 3397 625 3403 ¹
730 3341 792 3406 Μρε.
812 3338 912 3397 eloquar.

250 3428 362 3477 Nouilliu'
379 3430 440 3474 huno
456 3425 533 3484 senem
546 3424 683 3473 Euclionem
701 3438 729 3473 ex
744 3426 849 3483 proximo
860 3423 1048 3483 pauperculum?
1087 3417 1090 3423 ’

252 3512 307 3570 nug.
336 3512 413 3565 Noui,
435 3511 557 3563 bominem
574 3513 738 3561 haudmalum
752 3503 868 3561 mecastor.
896 3512 958 3572 Meg.
982 3497 1032 3561 elius
1045 3511 1115 3571 cupio

543 3650 544 3653 Ἴ
692 3638 695 3641 Α
730 3596 804 3646 filiam
1082 3605 1114 3644 to

607 3709 609 3714 ·
633 3737 636 3763 1
680 3682 738 3738 1²4
877 3714 881 3733 ,
1021 3669 1112 3733 'Viati-
