2767 4384
1129 626 1642 680 cAPT1v1.
1815 662 1820 669 .
2110 614 2248 701 14'9

506 770 714 835 Tibique
747 770 873 816 hune
899 767 1117 833 reducem
1149 766 1199 813 in
1227 765 1490 813 libertatem
1519 764 1608 812 feci
1625 766 1651 810 ’Ξ
1708 765 1828 823 Heg.·
1846 762 1988 811 fecisti
2005 770 2030 819 ,·
2052 770 2104 812 vt
2131 764 2251 820 tibi,

505 856 824 907 Philocrates,
868 866 1122 910 numquam
1160 851 1331 898 referre
1361 849 1558 908 gratiam
1591 847 1754 905 poffim
1781 849 1889 896 satis
1908 883 1926 904 ,

509 938 729 992 Proinde,
751 946 803 985 vt
828 948 878 984 tu
907 937 1187 994 promeritus
1207 937 1266 982 de
1298 948 1374 981 me
1407 941 1454 980 et
1483 934 1582 979 filio
1607 947 1727 980 meo.
1788 933 1943 992 Philop.
1959 934 2073 980 imo
2097 943 2246 992 pote-⁴3,

510 1024 681 1078 Pater,
713 1034 758 1070 et
784 1024 985 1079 poteris,
1015 1002 1061 1070 er
1094 1034 1178 1079 ego
1209 1030 1398 1078 potero:
1430 1030 1476 1067 et
1508 1019 1570 1065 Di
1601 1031 1703 1064 eam
1736 1020 2005 1075 potestatem
2035 1020 2247 1076 dabunt,

510 1110 579 1155 Vt
611 1107 889 1155 beneficium
919 1109 1237 1155 benemerenti
1273 1107 1424 1153 nostro
1460 1103 1630 1149 merito
1656 1116 1890 1151 muneres.
2185 1115 2248 1160 15

511 1194 641 1239 Sicut
673 1203 723 1238 tu
752 1194 861 1238 huic
894 1201 1055 1249 potes,
1099 1201 1229 1249 pater
1266 1193 1363 1244 mi,
1412 1189 1565 1235 facere
1598 1188 1767 1233 merito
1800 1203 2036 1239 maxume.

507 1279 615 1335 Heg.
676 1277 797 1331 Quid
826 1276 984 1334 opu'st
1014 1276 1203 1323 verbis?
1225 1276 1384 1333 lingua
1407 1274 1535 1323 nuua
1565 1273 1657 1325 est,
1690 1285 1781 1331 qua
1811 1286 1995 1349 negem,
2026 1275 2254 1336 quidquid

1124 1370 1139 1385 ·
1474 1363 1620 1408 roges.

510 1440 690 1489 Philocr.
736 1439 922 1485 Postulo
954 1440 1038 1484 abs
1069 1446 1144 1490 te,
1177 1446 1227 1484 vt
1252 1437 1370 1483 mihi
1401 1437 1536 1482 inum
1564 1438 1727 1483 reddas
1760 1437 1976 1494 seruom,·
2012 1452 2152 1498 quem
2179 1441 2259 1489 hie

1476 1504 1770 1560 reliqueram,

509 1592 689 1647 Pignus
719 1601 805 1644 pro
832 1600 965 1642 me,·
990 1590 1067 1646 qui
1097 1591 1214 1635 mihi
1244 1589 1454 1640 melion·
1484 1600 1623 1644 quam
1652 1590 1738 1637 fibi
1763 1590 1945 1648 semper
1969 1590 2092 1639 fuit:

511 1678 605 1722 Pro
634 1675 882 1721 benefaffls
916 1677 1013 1721 eius
1051 1675 1187 1720 vti-ei
1219 1675 1422 1730 pretium
1454 1673 1618 1728 poffim
1648 1676 1854 1722 reddere.
2194 1689 2261 1726 20

511 1764 623 1820 Hcg.
685 1763 817 1815 Quod
851 1759 1107 1808 benefecisti
1126 1793 1140 1814 ,
1184 1761 1408 1807 referetur
1441 1761 1620 1817 gratia,
1664 1762 1742 1817 id,
1792 1764 1913 1820 quod
1942 1762 2143 1820 postulas
2165 1797 2182 1820 ,

512 1848 580 1895 Et
607 1848 686 1902 id,
732 1856 780 1894 et
804 1846 959 1902 aliud,
1006 1847 1129 1903 quod
1161 1858 1238 1890 me
1271 1843 1423 1888 orabis
1443 1874 1458 1894 ,
1507 1844 1795 1900 impetrabis.
1852 1859 1990 1906 atque
2023 1859 2070 1903 te

508 1935 671 1980 Nolim
699 1932 988 1983 succensere,
1035 1931 1158 1985 quod
1187 1940 1273 1983 ego
1304 1928 1450 1972 iratus
1484 1928 1526 1973 ei
1552 1928 1642 1974 feci
1670 1931 1808 1978 male.

515 2018 695 2065 Philocr.
746 2018 867 2068 Quid
896 2015 1079 2061 fecisti?
1138 2015 1246 2070 Heg.
1276 2013 1324 2056 in
1356 2012 1628 2069 lapicidina
1659 2019 1976 2073 compeditum
2002 2021 2220 2076 condidi,

516 2100 612 2146 Vbi
648 2099 812 2145 resciui
848 2099 967 2146 mihi
996 2101 1104 2145 data
1133 2097 1221 2143 effe
1254 2098 1407 2143 verba.
1468 2099 1624 2159 Philop.
1657 2113 1742 2147 vae
1755 2103 1936 2150 {misero
1965 2105 2112 2151 mihi!
2198 2115 2262 2161 25

515 2185 712 2240 Propter
743 2196 906 2230 meum
936 2195 1074 2244 caput
1102 2185 1283 2231 labores
1315 2184 1498 2235 homini
1528 2187 1729 2233 euenifl'e
1762 2197 1970 2244 optumo.

511 2274 625 2330 Heg.
685 2272 746 2318 At
772 2272 835 2318 ob
864 2282 971 2318 eam
999 2283 1101 2317 rem
1130 2269 1248 2315 mihi
1276 2260 1494 2317 libellam*
1513 2282 1600 2327 pro
1629 2284 1685 2317 eo
1713 2274 1890 2329 argenti
1921 2261 1990 2321 ne¹
2012 2276 2132 2323 duis·

514 2357 673 2406 Gratis
704 2370 733 2402 a
763 2370 840 2404 me
862 2389 878 2412 ,
922 2364 973 2402 vt
1011 2355 1069 2400 Iit
1108 2355 1256 2409 liber,
1300 2355 1529 2401 abducito.
1607 2356 1779 2402 Philocr.
1812 2362 2005 2417 edepol,
2052 2363 2233 2420 Hegio,

510 2443 645 2490 Facis
673 2442 887 2499 benigne.
944 2440 1022 2487 fed
1055 2440 1252 2497 quaeso,
1297 2441 1538 2547 hominelui
1558 2471 1574 2492 ,
1622 2450 1673 2486 vt
1702 2442 1872 2490 iubeas·
1891 2444 2061 2492 arceffi.
2146 2449 2261 2504 Heg.

1501 2513 1606 2550 icet.

511 2595 607 2641 Vbi
639 2584 742 2639 estis
774 2594 900 2639 vos?
954 2590 1017 2637 ite
1046 2592 1280 2642 astutum,
1326 2589 1603 2646 Tyndarum
1634 2589 1725 2634 huc
1756 2589 1972 2637 arceffite.
2195 2598 2269 2652 30*

513 2679 612 2725 Vos
640 2677 703 2721 ite
740 2677 881 2722 intro.
936 2674 1123 2721 interibi
1158 2686 1244 2730 ego
1278 2684 1336 2720 ex
1371 2673 1459 2718 hac
1486 2674 1631 2725 statua
1667 2676 1887 2721 verberea
1919 2674 2026 2721 volo

515 2762 789 2820 Erogitare‘,
833 2773 941 2807 meo
971 2759 1153 2806 minore
1181 2759 1291 2817 quid
1323 2757 1378 2805 {it
1405 2759 1572 2806 fastum
1606 2759 1719 2806 filio.

514 2850 613 2898 Vos
647 2850 798 2895 lauare
827 2846 1028 2894 interibi.
1099 2847 1264 2911 ,Phibffl
1296 2845 1483 2904 sequere
1511 2847 1625 2901 hac,
1656 2846 1966 2901 PhilocrateS,
2013 2858 2091 2894 me
2121 2845 2260 2895 intro.

1488 2918 1645 2977 Philop.
1676 2919 1854 2977 sequor.

797 3084 1119 3146 Achs
1191 3088 1275 3145 V·
1452 3085 1785 3143 SCENA
1866 3086 1972 3143 11.

935 3221 1225 3273 HEGIO,
1282 3219 1839 3269 STALAGMVS.

515 3295 707 3374 ΑΕΒ,
752 3328 805 3368 tu
838 3319 949 3366 illuc
976 3321 1205 3376 procede,
1235 3322 1357 3369 bone
1387 3320 1489 3373 vir,
1529 3320 1739 3377 lepidum
1774 3321 2059 3379 mancipium
2081 3334 2258 3370 meum.

515 3408 625 3454 Stal.
684 3406 808 3462 Quid
835 3419 914 3452 me
942 3414 1129 3463 oportet
1154 3404 1305 3454 faeere
1322 3438 1339 3461 ,
1382 3406 1462 3454 vbi
1489 3414 1542 3454 tu
1573 3406 1679 3453 talis
1708 3407 1780 3452 vir
1812 3406 1976 3453 falsum
2004 3408 2260 3453 autumas?

513 3496 604 3542 Fui
652 3506 741 3552 ego
786 3493 967 3547 bellus,
1026 3491 1210 3549 lepidus
1227 3522 1245 3546 ,
1303 3490 1454 3539 bonus
1488 3491 1568 3602 1Yir
1601 3503 1886 3550 numquam,
1943 3504 2094 3552 neque
2139 3492 2264 3551 frugi

1521 3569 1669 3610 onae,

513 3650 681 3704 Neque
719 3658 800 3693 ero
834 3654 1089 3703 nunquam:
1134 3653 1196 3689 ne
1222 3648 1275 3689 tu
1300 3638 1432 3699 spem
1461 3652 1608 3697 ponas
1636 3653 1714 3689 me
1741 3642 1888 3691 bonae
1917 3640 2042 3701 frugi
2068 3642 2183 3691 fore.

515 3735 628 3790 Heg.
683 3730 1065 3789 Propemodum,
1114 3726 1195 3777 vbi
1237 3726 1331 3773 loci
1357 3724 1574 3774 fortunae
1605 3734 1713 3775 tuae
1743 3726 1832 3777 lint
1849 3760 1866 3784 ,
1916 3727 2053 3775 facile
2083 3726 2264 3775 intelle-

1537 3816 1576 3851 ε.
1740 3815 1746 3821 ·

1386 3804 1534 3944 n?
2212 3814 2264 3936 s}
