2767 4384
286 415 355 485 142
517 414 560 468 M.
585 414 716 466 Accu
737 415 921 470 PLAVTI

281 556 330 605 biiii
343 555 470 602 cotidianus
484 553 617 611 sesquiopus
631 555 770 609 euomuerit,

281 642 464 697 Sexcentopiago
479 652 563 685 uomen
578 640 669 685 indetur
683 625 733 685 tibi.

278 725 351 787 Arist.
368 724 410 772 Per
423 727 478 771 deos
492 735 560 779 utque
573 722 680 768 homiues
694 732 737 778 ego
751 728 774 768 te
788 723 904 778 obtestare
926 717 1018 786 negti,

280 813 317 859 Ne
330 820 355 857 tu
370 810 442 856 istunc
455 806 576 854 hominem
587 806 687 862 perduis.
717 808 771 864 Heg.
785 808 909 855 curabitur.
1121 823 1153 867 70

278 883 344 943 'Nam
359 896 425 940 nottu
439 904 510 939 neruo
525 891 613 937 vintius
627 890 790 946 custodibitut‚

280 977 396 1026 interdius
411 977 449 1023 iub
464 986 525 1023 terra
540 974 629 1031 lapides
642 976 735 1022 eximet.

245 1089 249 1095 ·
280 1063 327 1108 Diu
342 1075 385 1120 ego
399 1063 460 1107 huno
474 1061 596 1114 cruciabo,
619 1072 666 1106 non
678 1072 724 1107 vno
738 1060 855 1108 obsoluam
868 1063 914 1110 die.

279 1146 351 1207 Aust.
367 1148 493 1195 Certumne
505 1144 537 1191 eii
550 1142 594 1190 tibi
613 1142 689 1191 istuoi
717 1146 772 1203 Heg.
786 1160 833 1194 uon
846 1148 927 1195 moriri
940 1147 1053 1198 ceruum

279 1232 391 1279 Abducite
405 1230 473 1277 istum
488 1230 589 1276 actutum
603 1228 633 1273 ud
644 1227 797 1285 Hippolytum
811 1228 919 1286 fabrum,
981 1285 983 1290 ,
1119 1242 1149 1288 75

279 1315 359 1361 iubete
373 1315 428 1360 huie
440 1313 522 1360 truffas
537 1314 659 1369 compedes
672 1313 813 1371 immugiet:

278 1401 335 1448 lude
349 1411 413 1447 extra
426 1409 517 1468 portem
529 1399 558 1443 ad
570 1409 651 1444 meum
661 1397 775 1446 tibereum
789 1398 930 1455 cortuum.

279 1487 307 1532 In
319 1483 453 1542 lapicidinas
467 1482 535 1530 facite
549 1482 658 1529 deduitus
675 1480 730 1527 fiet:

279 1572 354 1626 Atque
368 1568 430 1612 hune
443 1566 475 1613 ita
492 1579 531 1614 me
544 1567 620 1621 veile,
642 1567 728 1620 diuites
748 1564 865 1619 tutarier,

279 1656 315 1701 Ne
329 1653 367 1709 qui
383 1652 483 1700 deterius
493 1649 548 1697 buis
561 1649 606 1703 bt,
628 1662 698 1707 quum
710 1650 764 1706 quoi
778 1647 880 1706 peiiume
895 1649 933 1698 est·
1116 1654 1146 1699 eo

284 1741 348 1798 i'ynd
371 1743 417 1788 Cur
431 1751 489 1797 ego,
513 1740 642 1794 minuitis,
665 1753 704 1785 me
719 1738 764 1787 ure
777 1739 865 1786 mmm
878 1736 1014 1795 postulem?

279 1826 411 1874 Periculum
425 1826 486 1871 vitae
499 1836 566 1871 meae
581 1823 625 1872 stat
637 1833 679 1871 tun
691 1824 802 1880 periculo.
884 1857 886 1862 .
942 1833 947 1842 ’

280 1911 380 1957 POST
409 1907 634 1960 Mouubmin
647 1917 723 1953 mutue
737 1908 796 1953 nihii
811 1906 856 1961 eii,
871 1907 933 1963 quod
946 1916 1069 1962 metm,
1083 1906 1145 1955 mli.

278 1995 374 2041 ETSI
395 1993 494 2050 peruiuo
504 2003 575 2047 usque
586 1991 617 2036 ad
630 1988 746 2044 summum
759 1999 877 2045 aetatem,
897 2002 978 2039 tamen

277 2080 353 2127 Bteue
364 2077 464 2135 spatium
476 2074 510 2123 est
520 2074 669 2130 perferundi,
690 2087 749 2132 quae
762 2074 856 2121 minitas
870 2074 937 2122 mibi.
1116 2082 1145 2130 ης

277 2166 417 2222 valeatque
432 2164 506 2211 salue:
527 2161 569 2209 etsi
582 2162 664 2220 alites,
686 2172 713 2209 vt
726 2164 816 2218 dicum,
837 2175 928 2217 metes,

279 2250 318 2297 Tb
333 2251 521 2306 Aristophontes,
542 2250 572 2295 de
586 2259 640 2301 me,
662 2256 688 2295 ut
702 2247 820 2301 meruisti,
843 2247 876 2293 itu
889 2249 956 2301 sule,

277 2335 339 2382 Nam
354 2335 411 2379 mibi
427 2344 554 2389 propterte
568 2335 613 2381 hoo
623 2332 714 2391 obtigit.
744 2334 800 2389 Heg.
814 2332 928 2378 abducite.

283 2419 347 2475 Tyud.
371 2427 395 2465 at
409 2432 481 2464 vnum
495 2407 540 2467 boo
556 2417 654 2475 quaeso,
679 2417 756 2464 sibus
770 2417 853 2464 rebitet
867 2417 1021 2473 Philocrates,

280 2505 311 2551 Vt
328 2504 386 2549 mihi
402 2505 451 2550 eius
468 2502 538 2549 facias
552 2502 707 2548 conueniundi
718 2502 817 2557 copiam.
1116 2483 1151 2557 90*

279 2592 333 2647 Heg.
370 2589 484 2641 Potitius,
507 2590 549 2635 nist
560 2592 621 2635 bunc
632 2590 679 2635 iam
694 2601 707 2634 e
719 2589 837 2646 eouspedu
848 2589 968 2636 abducitis.

283 2673 347 2728 Tynd.
372 2673 413 2717 Vis
427 2673 484 2719 haec
498 2672 592 2727 quidem
605 2672 680 2717 hercle
693 2671 739 2726 eii,
762 2684 786 2717 et
797 2673 857 2718 trabi
870 2684 893 2718 et
910 2675 972 2719 quui
987 2674 1062 2724 fimui.
1128 2695 1130 2702 ·

279 2760 333 2815 Heg.
370 2756 421 2801 Iliio
434 2756 465 2802 est
478 2756 586 2801 abduiius
600 2758 660 2801 reita
671 2757 696 2801 in
710 2756 848 2812 phyiaoem,
871 2767 896 2803 vt
910 2759 993 2815 diguus
1006 2760 1046 2807 eii.

278 2838 327 2894 Ego
340 2839 386 2883 iilis
400 2839 509 2895 eapteiois
523 2840 574 2885 aliis
588 2842 754 2887 documentum
770 2843 846 2897 dabo,

279 2922 314 2967 Ne
326 2923 373 2968 iaie
389 2923 510 2979 quisquam
524 2923 612 2969 facinus
624 2925 728 2982 incipere
740 2928 830 2974 audeat.

279 3007 345 3061 Quod
357 3012 442 3066 absque
455 3013 499 3056 hoo
511 3009 580 3065 eiiet,
603 3012 642 3069 qui
657 3014 716 3059 mibi
730 3015 775 3061 hou
787 3016 842 3064 seuit
856 3017 948 3073 palmo,

278 3091 356 3146 Vsque
369 3092 508 3139 offrenatum
520 3093 565 3141 suis
578 3109 616 3143 me
630 3099 749 3146 «initiarent
767 3101 833 3146 dolis.

278 3176 346 3221 Nunc
360 3186 449 3223 certum
463 3178 509 3232 est,
530 3181 586 3225 nulii
599 3181 648 3237 post
662 3184 720 3229 baeu
732 3185 857 3241 quidquam
871 3186 971 3232 credere.
994 3213 996 3218 ·

278 3259 336 3306 Satis
350 3258 399 3304 sum
413 3259 483 3307 semei
496 3264 611 3319 deeeptus.
640 3264 731 3321 speraui
743 3268 820 3320 miser,

277 3344 312 3390 Ex
324 3343 433 3389 seruitute
447 3358 485 3391 me
496 3348 603 3396 euemiiii
616 3348 700 3397 filium.

276 3431 311 3479 Ea
322 3430 372 3489 spes
387 3432 462 3487 elapsa
476 3436 513 3481 eii.
542 3443 632 3496 perdidi
643 3455 716 3489 vnum
729 3441 820 3493 filium,

278 3516 378 3563 Puerum
390 3517 553 3575 quadrimum,
575 3537 643 3580 quem
660 3525 720 3571 mibi
733 3525 810 3572 seruos
822 3524 925 3581 surpuitt
961 3547 963 3552 ·

277 3600 358 3659 Neque
372 3600 435 3649 euim
449 3601 539 3651 seruum
553 3618 662 3663 umquem
676 3609 782 3665 requeti,
804 3620 879 3665 neque
896 3609 991 3666 tilium,

1062 3696 1144 3744 Maior
