2767 4384
214 470 225 490 ,ἱ
284 386 354 486 3‘ru
511 412 555 467 ru.
580 413 712 468 nccrr
745 416 925 474 runvrr

232 545 239 577 ¹
282 555 360 612 Vsque
374 561 495 601 maritant:
519 565 594 610 neque
610 555 635 600 id
649 554 752 610 faciunt.
773 558 883 605 donicum

281 640 382 686 Parietes
397 648 474 686 ruunt
505 639 656 703 aedificantur
671 641 739 688 ae'des
754 653 816 690 totae
829 648 912 691 denuo.

281 725 345 770 Haec
359 735 495 782 argrrmentn
507 736 550 780 ego
565 725 676 772 aediliciis
692 728 747 772 dixi.
776 741 838 775 nunc
853 722 922 775 eiiam
938 731 992 776 volo

282 809 380 862 Dicere,
403 818 427 855 vt
441 812 548 858 homines
564 813 656 860 aedium
672 812 717 859 effe
729 811 816 859 similos
828 814 980 861 arbitremini.

283 895 388 940 Primum
403 897 458 942 dum
474 907 581 954 parentes
594 897 654 943 fabri
667 897 768 942 liberum
781 882 851 952 sunt,

282 977 313 1024 Et
329 979 506 1029 fundumentum
519 982 651 1029 substruunt
665 983 793 1029 liberorum
802 1001 823 1035 ,=

283 1061 419 1118 Extollunt,
443 1074 525 1121 parant
538 1065 655 1113 sedulo'iu
670 1064 822 1121 firmitatem,

285 1148 317 1194 Vt
331 1158 354 1194 et
366 1151 390 1194 in
407 1151 471 1197 vlum
484 1151 552 1204 boni,
576 1159 600 1196 et
614 1149 638 1196 ln
651 1147 751 1205 speciem
765 1151 852 1208 populo

252 1235 256 1245 '
283 1231 346 1278 Sint:
369 1233 454 1290 fibique
469 1243 509 1281 aut
522 1233 633 1281 materiae
645 1247 675 1280 ne
687 1246 793 1292 parcunt.

226 1372 230 1379 g
283 1319 332 1364 Neo
345 1318 432 1365 sumtus
447 1319 488 1367 stbi
500 1319 586 1372 sumtui
602 1319 646 1366 else
661 1321 766 1368 ducunt:
846 1335 852 1342 ·

286 1403 424 1459 Eupoliunt,
448 1407 532 1451 docent
549 1403 645 1455 literas,
668 1403 734 1457 loru.
753 1405 832 1462 leges.
875 1399 878 1404 ’

284 1491 366 1535 Sumtu
381 1490 421 1535 luo
437 1501 459 1536 et
472 1488 551 1538 labore
567 1488 690 1542 nituntur,
715 1499 751 1538 vt,

284 1575 330 1620 Alii
344 1574 384 1619 fini
400 1556 550 1622 esseillorum
566 1575 650 1624 finrtles
665 1582 781 1632 expetant

284 1660 320 1704 Ao
335 1660 450 1716 legionem
465 1675 535 1718 quom
548 1664 622 1716 itant,
647 1661 816 1710 adminiculum
829 1663 863 1710 eis
874 1664 963 1710 danum
1029 1648 1031 1653 ’

267 1736 348 1790 'Turn
361 1747 407 1791 ianr
422 1746 523 1803 aliquem
541 1756 664 1804 cognatum
676 1746 752 1792 suum.
822 1740 824 1744 ’

283 1831 384 1878 Eatenus
399 1835 484 1880 abeunt
497 1847 511 1880 a
524 1833 601 1879 fabris.

284 1916 363 1962 Vnum
378 1919 415 1963 vbi
430 1919 554 1965 emeritum
570 1919 601 1962 eli
612 1915 770 1973 stipendium.
792 1917 866 1974 igitur
880 1926 932 1967 tum

284 2001 405 2057 specimen
419 1981 535 2057 cernitur,
554 2017 599 2061 quo
615 2002 708 2049 eueniat
721 2001 860 2049 aedificatio.

283 2086 345 2131 Nam
358 2100 400 2143 ego
413 2090 441 2132 ad
454 2089 512 2136 illud
528 2090 588 2145 frugi
603 2102 673 2146 usque
688 2095 711 2134 et
725 2088 811 2143 probus
822 2085 864 2132 fui.

201 2227 204 2230 ῃ
284 2170 311 2216 1η
326 2173 443 2220 fabrorum
457 2177 566 2232 potestate
582 2179 639 2222 dum
653 2174 696 2221 fui.

284 2256 433 2314 Posteaquam
448 2261 580 2318 immigraui
596 2262 619 2306 in
634 2259 755 2316 ingenium
769 2271 867 2314 meum,

285 2341 376 2387 Perdidi
390 2356 485 2399 operam
500 2345 619 2392 fabrorum
633 2345 695 2390 illico
710 2345 804 2402 oppido.

284 2425 356 2472 Venit
370 2427 476 2483 ignauia,
497 2443 524 2477 ea
538 2430 596 2476 mihi
613 2427 735 2485 tempestas
749 2427 813 2483 fuit}
859 2413 865 2418 ⁰
888 2421 891 2425 ’
927 2458 930 2467 ·

285 2510 319 2558 Ea
334 2513 390 2558 milri
405 2515 505 2561 aduentu
519 2514 559 2560 suo
573 2515 711 2573 grandinem
723 2513 869 2571 imbremque
883 2513 984 2572 admitte

253 2615 257 2626 ¹
287 2598 352 2644 Haeo
366 2599 529 2647 verecundiam
542 2599 601 2646 mihi
616 2609 639 2646 et
652 2597 742 2646 virtutis
756 2599 853 2645 modum

286 2683 442 2737 Dettrrbauit,
458 2683 538 2736 teuit,v
547 2683 679 2738 detexitque
694 2694 707 2726 a
722 2696 759 2728 me
772 2681 841 2728 illico.

289 2767 340 2814 l‘oli
354 2770 395 2815 illa
408 2771 511 2826 obtigere
526 2784 578 2817 eam
592 2770 717 2826 neglegens
732 2767 780 2814 fui:

286 2853 400 2902 Continuo
415 2869 457 2912 nro
476 2857 550 2907 imbre
565 2871 630 2903 amor
645 2854 740 2902 aduenit
752 2853 776 2898 in
790 2864 829 2899 cor
843 2867 931 2903 meum.

208 2971 213 2980 .
285 2936 391 2998 leveque
408 2942 431 2987 in
446 2943 525 2998 petius
539 2941 701 2997 permanante,
725 2934 890 2995 permadefeoit
998 2925 1012 2941 '⁴

287 3022 432 3072 cormeum.
462 3037 523 3072 nuno
537 3024 604 3070 simul
619 3037 670 3076 res,
692 3024 766 3076 fides,
786 3022 865 3090 famu,
883 3024 973 3084 virtut.

288 3107 406 3165 Decusque
421 3112 581 3160 deseruerunt:
605 3121 647 3165 ego
662 3107 712 3153 sum
726 3107 792 3153 inusu

289 3191 367 3237 Fallite
381 3195 453 3242 nimio
467 3197 569 3255 nequior.
598 3204 666 3251 atque
682 3193 764 3248 edepol
778 3191 813 3238 ita

288 3277 350 3324 liaeo
363 3278 426 3334 tigna
439 3282 534 3333 humide
549 3288 637 3337 putent.
667 3294 713 3326 non
728 3278 808 3324 videor
822 3275 881 3326 mihi

290 3362 377 3410 Sarcire
388 3363 450 3418 polle
463 3368 539 3413 aedeis
554 3374 634 3420 meas,
657 3368 713 3423 quin
725 3374 787 3413 totae

290 3448 415 3502 Perpetuae
429 3459 512 3505 ruant,
535 3452 658 3508 quintum
673 3451 825 3497 fundamento

291 3531 419 3582 Peritum,
441 3543 483 3578 trec
497 3537 617 3593 quisquam
633 3537 676 3583 eise
691 3535 778 3582 arixilio
792 3540 867 3591 queat.

292 3619 336 3664 Cor
350 3616 428 3669 dolet,
446 3627 499 3665 oum
513 3619 573 3676 scio,
589 3629 613 3669 vt
627 3632 689 3669 nunc
701 3619 769 3675 lum,
787 3625 855 3676 atque
869 3623 895 3665 rt
907 3616 956 3668 bri:
