2767 4384
204 372 210 391 ’
287 393 358 478 316
510 406 918 465 M.A·ccr11³LAVT1

287 543 357 593 Philoi
387 546 414 592 ln
428 552 451 593 te
463 547 541 595 hercle
561 555 651 594 certum
665 549 690 596 'il
703 548 858 606 principium,
871 559 906 598 ut
917 549 960 597 lim
972 559 1072 607 parcus,
1087 561 1152 607 expe·

764 621 813 667 riri.
1124 628 1153 672 80

285 702 434 759 Namneque
449 706 502 750 edes
524 706 665 763 quidquam,
688 716 763 762 neque
776 707 841 752 bibes
856 707 917 762 apud
935 720 975 753 me
988 708 1052 754 hisce
1065 707 1169 757 dieonct

287 785 373 831 Partem.
391 788 414 861 Sl
429 791 483 844 quid
497 799 521 834 tu
537 792 560 835 in
574 790 642 836 illum
657 792 717 837 bene
732 791 795 836 voles
809 791 890 849 loqui,
909 791 933 837 id
946 792 1012 847 loqui
1026 790 1118 838 licebit:

285 871 335 917 Nec
347 873 405 916 retis
420 871 437 917 li
452 874 486 918 illi
502 877 602 930 dixeris,
627 876 674 923 lana
689 876 774 922 ecastor
788 877 914 935 vapulabis.

286 955 358 1011 Plrilol.
388 958 492 1014 Edepol,
515 959 533 1005 fi
547 961 638 1006 summo
651 960 703 1007 loui
717 963 771 1008 virro
784 960 1074 1018 argentoiacruficassem,

285 1040 329 1086 Pro
349 1040 412 1089 illius
432 1045 506 1102 capite
527 1046 589 1102 qood
606 1045 675 1100 dedi,
707 1059 836 1104 numquam
850 1061 922 1108 aeque
934 1048 958 1093 id
973 1048 1033 1094 bene
1049 1045 1153 1094 nullom·

695 1142 697 1146 ·
767 1123 822 1169 sem.
1125 1124 1152 1169 Si

202 1206 204 1211 ’
265 1202 268 1213 ’
284 1204 317 1252 Vt
330 1205 408 1252 videas
425 1220 478 1254 eam
492 1210 627 1257 medullitus
640 1223 680 1258 me
693 1212 786 1258 amare!
807 1211 854 1256 oh!
875 1211 960 1266 probus
972 1207 1045 1253 homo
1056 1205 1118 1255 lum·

285 1292 349 1346 Quae
361 1306 403 1350 pro
415 1308 453 1341 me
468 1297 566 1344 caussam
583 1298 683 1359 diceret,
705 1305 828 1353 patronum
841 1293 947 1339 liberari.
991 1286 994 1301 ⁷
1094 1286 1097 1293 '

202 1393 210 1399 ‘
285 1379 360 1439 Scaph.
390 1381 466 1427 Video
478 1390 501 1428 te
516 1381 574 1427 nihil
587 1382 687 1438 pendere
702 1394 758 1438 prae
772 1380 903 1425 Philolache
917 1390 998 1424 omnes
1012 1375 1128 1425 homiues.

284 1467 369 1519 Nunc,
397 1480 425 1515 ne
441 1468 490 1539 eius
504 1465 579 1511 cauffa
593 1459 718 1525 vapulem,
740 1467 782 1512 tibi
797 1468 873 1524 potius
887 1466 1031 1512 adsentabor.

284 1545 308 1598 Si
321 1558 440 1606 acceptum
453 1550 487 1597 lat
500 1551 587 1605 hahes,
610 1551 652 1596 tibi
666 1551 716 1598 fore
730 1552 798 1598 illum
812 1551 914 1597 amicum
928 1547 1104 1603 sempiternum.
1122 1554 1152 1598 9ο

286 1637 373 1685 Philon
388 1637 451 1684 cedo
471 1632 681 1692 mihi‘ipeculum,
705 1646 729 1684 et
750 1648 803 1682 cum
822 1634 964 1681 ornamentis
978 1633 1084 1680 maulam
1097 1633 1151 1680 astu·

374 1712 376 1716 ’
766 1714 834 1762 tum,
858 1707 963 1762 Scapha:

284 1790 371 1838 Ornata
385 1798 410 1838 vt
422 1789 466 1838 srm
475 1824 482 1846 ,
492 1777 572 1850 'quom
586 1793 632 1839 huc
644 1794 724 1840 veniat
736 1783 896 1844 Philolaches,
918 1792 1025 1847 voluptas
1037 1803 1102 1838 mea.

285 1877 360 1937 drapo.
389 1877 491 1933 Mulier,
521 1889 579 1934 quae
600 1876 623 1922 se
646 1877 757 1936 suamque
776 1886 877 1993 ῗετεῑὲιίι
897 1875 997 1933 spernit,
1019 1871 1151 1932 speculctl

765 1959 818 1992 uns

267 2035 270 2039 ’
284 2007 344 2084 ofrid
367 2033 420 2088 opn’
435 2029 454 2076 st
474 2029 565 2087 speculo
579 2029 638 2082 tihi,
659 2040 718 2084 quae
732 2038 782 2075 tute
795 2029 887 2125 ipecplo
900 2030 1020 2087 speculum
1035 2044 1062 2080 es
1074 2045 1152 2081 maru·

765 2109 831 2142 murn
849 2129 856 2140 .

283 2178 357 2231 *mul
386 2182 422 2230 Ob'
436 2181 492 2229 illuc
506 2181 618 2235 verbum,
641 2194 671 2226 ne
686 2183 860 2237 nequidquam,
881 2181 987 2237 Scapha,
1007 2162 1061 2229 'tum
1078 2181 1153 2240 lepide

299 2279 300 2282 ¹
707 2299 709 2304 .
765 2260 868 2312 dixeris,
909 2282 912 2291 ·
1090 2264 1154 2326 ¹95·

283 2349 350 2396 Dabo
364 2347 451 2405 aliquid
466 2344 535 2392 hodie
549 2343 591 2389 tihi
609 2345 704 2400 peculi,
727 2345 892 2390 Philematium
905 2355 965 2390 men.

284 2434 371 2481 Philem.
389 2435 436 2481 Soc
450 2433 534 2490 quique
553 2429 604 2475 loco
624 2431 701 2476 viden‘
713 2430 809 2485 capillus
827 2427 882 2475 satis
902 2427 1073 2485 componenti
1092 2441 1155 2477 mm·

667 2508 676 2521 '
765 2503 871 2546 medei
1083 2521 1087 2527 ·

283 2593 360 2653 scapi.
388 2591 434 2640 Vbi
448 2599 475 2638 tu
487 2588 610 2634 commoda
624 2599 662 2639 es,
689 2585 798 2641 capillum
807 2587 963 2633 commodum
976 2585 1020 2632 ell'r
1033 2588 1130 2637 credito.

284 2678 356 2726 Philol.
387 2675 453 2728 Vah,
470 2676 524 2732 quid
537 2674 577 2720 illa
591 2683 646 2730 pote
657 2673 724 2730 peius
737 2670 861 2725 quidquam
876 2671 973 2718 muliere
985 2673 1153 2720 memorarier:

284 2759 503 2828 Nunendsenratria
521 2759 612 2806 scelesta
626 2757 673 2812 ele,
694 2757 782 2802 dudum
797 2755 939 2802 aduorlatrix
952 2766 1008 2805 erat.
1024 2799 1027 2803 .
1106 2768 1155 2813 100

284 2844 372 2891 Philam
387 2843 449 2889 cedo
464 2844 583 2893 cerulsam.
621 2843 696 2901 Scaph.
719 2843 775 2900 quid
788 2841 874 2888 ceruss'a
886 2855 944 2898 opus
957 2845 1034 2890 nam?
1063 2828 1152 2891 ruha

765 2915 805 2972 qui
820 2916 893 2961 malas
907 2912 1021 2960 oblinam.

224 3021 235 3034 ·
284 3002 358 3061 scapi.
386 3002 440 3049 Vna
452 3014 523 3059 opera
537 3003 594 3047 ehur
606 3000 737 3048 atramento
749 3001 896 3046 candefacere
908 2997 1015 3055 postules.

262 3145 266 3149 ‚
284 3088 357 3136 Philol.
386 3085 472 3142 Lepide
486 3086 571 3134 dicium
584 3089 612 3135 de
627 3097 756 3135 atramento
776 3096 845 3142 atque
860 3087 943 3135 chore:
969 3096 1045 3142 euge,
1067 3087 1154 3146 plaudo

764 3163 874 3218 Scaphae.

283 3243 372 3297 norun
386 3247 451 3294 Tum
463 3256 489 3294 tu
503 3246 573 3304 igitur
586 3246 642 3292 cedo
654 3246 819 3317 purpuriffum.
849 3246 924 3305 Scapb.
939 3261 987 3296 non
1000 3249 1046 3296 dor
1060 3248 1118 3298 lcita
1129 3262 1154 3299 aa

764 3331 790 3369 tu
804 3321 915 3379 quidem:
1139 3364 1145 3389 Ι

283 3409 350 3458 Noua
361 3404 448 3462 plenta
462 3404 601 3462 interpolare
616 3405 650 3451 vis
663 3419 722 3462 opus
735 3406 926 3463 lepidill'umum,
1106 3419 1153 3464 105

283 3497 306 3544 Ν
312 3494 333 3543 0
339 3493 364 3541 N
383 3490 395 3538 1
403 3489 451 3563 ST
460 3491 507 3536 ΑΝ
516 3493 534 3537 c
555 3499 654 3537 aetatem
667 3492 759 3548 oportet
772 3492 918 3562 pigmentum
931 3494 1008 3542 ullum
1021 3496 1152 3554 attingere,

285 3584 364 3642 pieque
377 3573 488 3634 ωωίῖιω
497 3582 515 3630 ,“
526 3586 600 3642 neque
611 3575 745 3634 melinum,
768 3590 844 3636 neque
858 3579 929 3627 vllam
937 3579 1018 3630 'aliam
1032 3583 1152 3635 offuciam.

983 3734 989 3748 t
1089 3670 1152 3728 uam
