2767 4384
519 420 584 472 cv
601 418 829 472 necaro.
1030 417 1102 494 123

240 560 322 606 Tuum
336 561 375 617 qul
389 560 479 617 {ignum
491 560 523 606 nd
535 552 720 612 meadtuliffet,
744 555 851 604 nendum
866 567 895 606 ne
908 554 1044 613 spernerem.

244 646 304 689 Ther.
334 646 430 692 Stultior
442 644 511 690 stulm
523 642 599 695 fuisti,
620 644 659 698 qui
673 642 702 688 iis
716 640 806 688 tabellis
818 644 928 688 crederet.

235 732 300 785 Lyco.
331 728 562 785 Quisrespuhlieeet
576 725 778 781 pnuataperitur.
792 737 868 774 noune
881 726 910 773 iic
922 727 1058 774 caederem?
1074 734 1106 772 eo
1191 757 1195 764 ,

239 815 289 870 Ego
304 815 367 859 abeo.
399 813 441 860 tihi
456 826 491 858 res
504 811 578 862 soluta
592 809 617 858 ’st
630 812 695 855 telle,
725 808 821 854 bellator
836 807 893 855 vale.

228 900 305 944 Ther.
335 897 396 952 Quid
412 898 522 946 ualeam?
562 896 621 949 Lyco.
643 903 835 949 attemerare,
858 892 875 939 h
896 893 974 948 lubet,
995 904 1037 949 per
1050 906 1104 947 me,

709 973 825 1029 'aetatem
844 961 944 1017 quidem.

244 1055 305 1100 Ther.
335 1053 396 1107 Quid
410 1065 453 1110 ego
465 1064 527 1097 nunc
539 1049 644 1095 faciam?
666 1045 721 1104 quid
735 1029 805 1091 refert
818 1053 856 1091 me
868 1044 943 1092 feciffe
957 1048 1049 1106 regibus
1057 1082 1068 1112 ,A
1156 1066 1159 1072 ¹

240 1139 274 1186 Vt
288 1138 347 1184 mlhi
361 1137 497 1189 obedirent,
517 1133 584 1180 finic
598 1145 636 1178 me
649 1132 718 1177 hodie
730 1131 870 1179 umbraticus
883 1129 1006 1180 deriserit?
1040 1191 1043 1196 Ι
1086 1156 1090 1206 2

857 1205 861 1228 l

373 1301 531 1360 ncuvs
568 1300 630 1356 ru.
709 1296 873 1354 senua
908 1299 973 1357 ru.
1045 1279 1048 1286 '

300 1436 554 1489 rhemnon,
615 1398 1054 1504 nuru-mrourruonrc,

610 1516 747 1561 Murra.
824 1514 828 1520 ·

244 1594 322 1685 Quoi
337 1617 425 1662 homiui
440 1617 472 1661 dii
486 1615 539 1662 sunt
552 1614 660 1671 propitii,
677 1616 699 1659 ei
714 1628 759 1659 uon
775 1611 900 1660 elle-iratos
915 1625 977 1670 puto.

242 1701 363 1759 Postquam
376 1714 426 1746 rem
438 1700 545 1746 diuinam
559 1698 618 1752 leci,
641 1699 703 1745 uenit
717 1700 741 1744 in
755 1708 860 1745 mentem
873 1699 948 1753 mihi,

239 1785 276 1829 Ne
291 1784 404 1839 trapezita
418 1783 545 1828 exsulatum
560 1783 660 1833 abierit,
683 1792 805 1839 argentum
823 1793 849 1828 vt
864 1794 957 1837 petam:

241 1869 275 1913 Vt
289 1880 331 1924 ego
345 1869 422 1923 pntiun
434 1867 564 1920 comedim,
587 1878 654 1923 quem
668 1867 714 1911 ille.
739 1865 808 1912 Ther.
831 1861 940 1913 iusseram
952 1863 1038 1917 saluere
1051 1880 1080 1919 te.

244 1955 299 2009 Capp
337 1952 702 2009 Therapontigonoplatagidore,
723 1951 798 1995 selue:
820 1949 895 1995 saluus
906 1963 977 2007 quoru
986 1958 1081 2004 aduenis
1095 1967 1108 2012 5

241 2037 270 2082 ln
286 2036 444 2093 Epidaurum,
468 2036 506 2081 hic
519 2036 589 2081 hodie
606 2036 668 2091 apud
681 2045 720 2080 me
734 2046 861 2091 numquam
876 2035 978 2095 delinges
991 2041 1069 2090 salem.

248 2122 308 2167 Ther.
324 2122 399 2182 ‚Bene
415 2133 489 2166 vocas.
520 2132 600 2166 verum
614 2125 696 2165 vocate
705 2128 743 2163 ree
757 2116 804 2171 cll,
824 2126 849 2164 et
862 2120 923 2167 male
937 2121 965 2167 lit
979 2124 1045 2172 tihi.'

244 2207 289 2254 Sed
304 2206 359 2263 quid
378 2204 426 2261 agit
439 2216 518 2250 meum
533 2202 711 2250 mercimonium
727 2202 789 2257 apud
802 2204 845 2249 tel
880 2205 946 2264 (app.
968 2207 1028 2255 nihil
1049 2214 1110 2269 apud
1166 2251 1168 2254 .

726 2287 764 2319 me
779 2275 879 2330 quidem.

243 2360 280 2405 Ne
290 2358 359 2404 facias
370 2359 450 2406 telles:
466 2370 539 2415 neque
551 2359 659 2422 equidem
669 2358 742 2405 debeo
753 2357 886 2415 quidquam.
919 2359 979 2405 Ther.
993 2364 1048 2420 quid
1059 2365 1110 2413 est?

247 2445 309 2500 capp.
339 2442 405 2495 Quod
424 2441 458 2487 fui
473 2442 575 2496 iuretur,
594 2441 645 2490 feci.
705 2440 766 2487 Ther.
787 2440 890 2496 reddin‘,
912 2432 1022 2501 ensuon,
1044 2448 1111 2508 virgi.

726 2527 796 2569 nem,
1081 2530 1113 2567 ιο

244 2598 382 2653 Priusquam
394 2605 417 2642 te
428 2597 481 2641 huic
495 2610 560 2658 meae
574 2598 710 2644 machaerae
723 2598 822 2652 obiicio,
842 2597 966 2655 mastigia?

248 2685 309 2739 Capp.
339 2681 455 2737 Vapulare
470 2692 512 2738 ego
529 2690 551 2727 te
564 2682 713 2728 uehementer
727 2680 812 2726 iubeo:
836 2694 865 2727 ne
879 2696 917 2727 me
933 2684 1029 2731 territet.

245 2767 291 2813 Ilia
303 2766 397 2811 abdudle
410 2762 455 2809 estr
476 2773 502 2832 tu
517 2762 618 2810 auferere
634 2766 687 2809 hinc
699 2777 776 2818 ame,
791 2763 809 2810 li
822 2777 904 2822 perges
918 2768 976 2812 milri

245 2850 310 2898 Male
325 2849 388 2905 loqui
402 2831 517 2905 proferro:
542 2848 597 2903 quoi
611 2860 670 2903 ego,
686 2848 729 2895 nisu
743 2849 846 2902 malum,
862 2850 920 2894 nihil
934 2852 1013 2907 debeo.

250 2933 311 2979 Ther.
342 2931 426 2977 Milrin’
441 2930 530 2976 malum
545 2930 671 2977 minitare?
702 2933 763 2989 capp.
782 2941 851 2989 atque
865 2935 947 2988 edepol
961 2949 1007 2980 uon
1022 2930 1112 2989 minita-

725 3012 783 3065 hor,
798 3010 836 3058 sed
850 3012 925 3064 dabo,
1081 3024 1110 3068 ις
1146 2996 1148 3000 ’

247 3094 323 3147 Mihi,
337 3092 354 3138 fi
368 3093 460 3152 pergis,
474 3092 583 3141 molestus
597 3093 648 3142 elle.
681 3095 741 3148 Ther,
757 3098 820 3143 Leno
834 3096 955 3142 minitatur
969 3096 1046 3145 mihl'?

246 3178 361 3234 Meaeque
376 3191 469 3235 pugnae
482 3178 606 3236 praeliares
620 3179 733 3236 plurimae
746 3180 845 3227 obtritae
859 3180 954 3225 iacent?
1003 3197 1005 3202 ·
1033 3197 1035 3206 ·
1074 3166 1076 3171 ’

246 3263 277 3309 At
289 3262 321 3307 ita
334 3274 373 3307 me
385 3264 506 3309 machaera
518 3271 542 3311 et
553 3263 647 3321 clypeus

246 3345 310 3391 Bene
324 3344 406 3392 iuuent
418 3356 561 3403 pugnantem
574 3347 675 3395 inedie:
695 3347 737 3394 nisi
751 3346 809 3392 mihi
824 3346 888 3403 virgo
902 3348 1022 3403 redditur,

247 3428 298 3474 Iam
313 3440 355 3485 ego
370 3439 408 3481 te,
424 3428 522 3486 faciam,
545 3440 570 3480 vt
582 3432 621 3479 hic
633 3432 742 3478 formicae
757 3430 896 3478 frustillatim
911 3429 1026 3478 differant.
1082 3441 1115 3478 20

251 3514 312 3569 capp.
342 3514 371 3559 ht
383 3513 417 3558 ita
428 3519 466 3560 me
478 3514 601 3571 tollellee,
615 3518 711 3574 pellea,
724 3514 857 3572 speculum,
869 3515 1025 3566 calamistrum
1034 3503 1115 3561 mecm

219 3619 224 3630 ·
248 3596 313 3644 Bene
326 3610 365 3656 me
378 3598 498 3656 amellint,
513 3612 610 3659 meaque
625 3602 715 3654 eride.
731 3600 874 3658 linteumque
887 3599 1020 3652 extersumt

1082 3679 1116 3728 Vr
