2767 4384
442 385 450 398 ’
517 419 827 477 cvacvaro.
1033 424 1114 506 179,

240 565 302 612 Ther.
332 563 373 611 Tu
387 567 465 612 autem
478 560 504 610 itt
518 573 592 610 neruo
606 563 654 611 iam
667 562 770 617 iacebis,
792 563 834 611 nid
848 563 907 613 mihi
921 573 1044 624 argentum
1055 571 1108 616 red-

722 634 792 680 ditur.
1074 647 1108 691 4ο

238 728 300 783 (app.
330 722 428 775 Hercle,
450 718 517 765 istam
531 732 581 765 rem
594 719 698 785 iudicasti
711 717 847 776 perfidiose.
864 720 1015 771 Phaedrome.

235 813 267 858 Et
281 810 324 858 tibi
338 808 427 856 oberit:
449 815 526 858 erte,
543 804 625 857 miles,
643 804 667 848 di
681 806 783 861 deaeque
798 806 920 862 perduint:

236 898 276 944 Tu
291 908 329 942 me
343 894 442 952 sequere.
476 881 536 937 Ther.
559 903 606 947 quo
617 889 698 946 sequar
712 899 754 947 ego
767 893 814 936 te?
844 894 905 951 sapp.
928 893 958 938 ad
971 896 1109 951 trapezitam
1157 925 1181 936 ι,

718 982 815 1022 meum,

235 1060 273 1105 Ad
288 1058 427 1104 Praetorem.
457 1069 512 1102 nam
526 1054 580 1102 inde
594 1067 645 1101 rem
659 1055 723 1100 soluo
738 1056 864 1110 omnibus,
879 1058 963 1126 quibus
975 1060 1054 1105 debeo.

240 1142 301 1189 Ther.
330 1143 418 1198 Egere
435 1139 460 1187 in
479 1153 594 1193 neruum,
618 1140 680 1187 haud
695 1142 724 1185 ad
740 1142 872 1187 Praetorem
888 1143 1061 1201 diremptam,
1086 1148 1112 1193 ni

722 1216 845 1264 argentum
857 1207 936 1256 refers.
1078 1221 1108 1266 45

239 1297 302 1353 capp.
331 1294 382 1351 Ego
395 1301 418 1338 te
432 1293 582 1348 vehementer
595 1292 670 1348 perire
685 1291 770 1346 cupio,
787 1300 855 1337 netu
870 1305 909 1339 me
924 1292 1017 1340 nescias.

242 1382 305 1429 Ther.
333 1380 400 1426 lraue
413 1380 489 1425 tero?
529 1380 590 1437 Capp.
611 1378 645 1424 ita
657 1377 734 1422 hercle
757 1390 818 1423 vero.
861 1377 922 1448 ζόη.
942 1378 998 1425 noui
1013 1392 1056 1438 ego
1070 1379 1112 1427 hoa

721 1462 812 1508 pugnes
825 1461 898 1498 meet

242 1545 304 1600 capp.
334 1539 395 1594 Quid
408 1523 478 1584 tum?
516 1536 576 1583 Ther.
597 1537 653 1596 quid
665 1538 737 1584 turn?
758 1536 864 1593 rogitat?
893 1537 957 1585 hisce
971 1549 1031 1597 eze,
1054 1538 1112 1586 {itu

726 1621 765 1653 me
779 1607 922 1661 imitareris,

240 1696 361 1743 Placidum
374 1694 415 1742 ted
425 1694 495 1742 hodie
507 1695 612 1740 reddam.
653 1696 714 1752 capp.
729 1704 796 1811 ⁷abae,
817 1704 888 1749 ergo,
912 1693 989 1749 recipe
1002 1695 1111 1741 aftutum.

761 1779 790 1812 er.
813 1766 874 1812 licet.

243 1855 321 1901 Phaed
339 1856 379 1903 Tu
392 1854 463 1901 miles
474 1854 537 1910 apud
551 1866 590 1899 me
602 1850 718 1900 coenabis.
747 1849 886 1897 hodie·iierrt
900 1852 1000 1908 nuptiae.
1085 1862 1116 1902 50

245 1942 307 1989 Ther.
338 1941 401 1996 Quae
415 1952 452 1986 rer
466 1939 524 1985 bene
538 1947 613 1985 vortat
626 1938 686 1985 mihi
698 1946 722 1987 et
731 1939 803 1986 vobit.
820 1936 967 1997 ,spectatores
982 1937 1093 2010 plaudite.

446 2140 561 2190 FINIS
617 2139 914 2225 cvncvurouls.
