2767 4384
532 410 829 465 AMPHITRVO·

478 565 501 621 P
528 557 556 622 R
581 561 658 620 01.
686 563 713 618 0
740 564 767 619 G
789 564 819 622 V
841 562 873 618 8.

552 649 801 696 ueremur

245 705 297 777 Vt
309 740 351 776 vot
366 728 483 779 iuturus
497 734 565 781 voltis
578 732 736 781 mercimoniis
817 757 823 766 ·

246 813 359 860 Emuudie
373 817 547 876 vendundisque
561 832 599 866 tue
613 818 702 865 ieeturn
721 814 791 862 tuerit

244 895 362 952 idiote,
391 907 460 954 etque
474 900 584 949 adiuuere
596 903 621 949 iu
634 903 704 949 rebus
715 900 840 945 omnibus:

242 980 274 1027 itt
287 990 312 1028 vt
325 995 377 1036 ree,
406 983 553 1043 rationesque
568 985 695 1032 vestrorum
710 982 817 1030 omnium

241 1064 306 1112 Bene
319 1067 427 1123 expedire
441 1069 527 1124 voltis,
556 1069 692 1127 peregrique
707 1075 730 1113 et
743 1066 816 1120 domi,

241 1149 355 1206 Bonoque
373 1159 443 1208 etque
457 1153 536 1209 ompio
550 1157 641 1198 auttere
655 1133 856 1208 perpetuo'iuero,

242 1235 350 1291 Quasque
364 1235 478 1291 incepistis
492 1248 546 1286 res,
575 1244 676 1290 quaeque
694 1234 854 1290 inoeptehitis:

242 1317 272 1364 tte
286 1317 319 1364 vti
333 1318 402 1364 bouis
415 1330 456 1362 vos
470 1315 602 1377 vostrosque
613 1319 689 1365 omnir
700 1318 788 1365 nuntiis

241 1402 284 1448 Me
296 1401 396 1448 adiicere
411 1401 496 1447 vuitie:
525 1414 551 1446 ea
565 1401 683 1455 adferam.
700 1415 785 1459 =eaque
799 1412 824 1450 rt
837 1404 953 1460 nuntiem,
1005 1425 1007 1428 ·

242 1486 308 1540 Quee
322 1484 425 1530 maxime
438 1485 463 1530 io
474 1497 524 1531 reru
538 1486 636 1532 vostram
650 1498 800 1534 oommunem
814 1488 878 1537 iieot.

243 1570 305 1614 Nam
320 1582 360 1615 eos
374 1569 467 1625 quidem
481 1569 505 1615 id
519 1569 566 1615 iem
579 1571 640 1617 scitis
653 1567 782 1616 ooucess'utn
797 1581 820 1617 et
839 1573 921 1622 &tum

242 1653 304 1700 Mihi
318 1649 363 1700 ess'e
377 1653 406 1699 eb
420 1652 464 1699 diis
478 1652 544 1707 aliis.
568 1655 655 1702 nuntiis
668 1653 767 1712 praeiim
784 1667 808 1701 et
821 1656 892 1701 iuoro.

241 1735 306 1782 lineo
318 1745 344 1781 vt
358 1741 396 1782 me
410 1735 480 1783 ruitis
493 1738 639 1792 adprobare,
675 1739 784 1790 nouitio,

209 1830 213 1840 ·
242 1821 344 1866 Lucrum
357 1828 382 1865 vt
396 1832 497 1876 perenne
511 1820 577 1864 uobis
588 1819 678 1878 semper
692 1822 813 1880 suppetet:

243 1905 280 1950 ite
293 1902 348 1950 huie
359 1903 448 1950 ferietis
463 1903 563 1949 Fabulae
575 1902 700 1953 utentium.

242 1990 323 2046 traque
336 1987 403 2045 aequi
418 1997 441 2034 et
454 1985 505 2032 iuiii
519 1987 557 2032 hio
570 1987 634 2033 eritis
648 1999 730 2035 omues
752 1988 839 2036 nrbitri.

244 2074 311 2119 Nouo
324 2071 389 2118 ouius'
402 2068 462 2117 iuii‘u
474 2071 557 2124 venio,
573 2079 596 2116 et
610 2074 761 2126 quamobrem
772 2074 886 2129 venerim.

244 2153 341 2204 urrant:
369 2155 483 2212 iimuique
495 2148 542 2213 ipi'e
556 2156 651 2212 eloquor
665 2169 751 2203 nomeu
764 2171 851 2204 meum.

244 2241 305 2286 iouis
319 2238 378 2286 iuffu
392 2239 475 2285 venio:
504 2252 590 2285 nomen
602 2241 761 2287 mercuriteit
774 2241 841 2287 mihi.

246 2327 311 2371 Peter
325 2325 370 2369 huo
383 2337 421 2370 me
435 2322 497 2371 miiit
511 2325 540 2370 ad
554 2337 595 2371 uos
607 2306 699 2371 oretum
719 2337 794 2377 meus,

245 2407 348 2454 Tametfi
362 2421 404 2464 pro
418 2409 535 2464 imperio,
565 2407 630 2453 vobis
644 2408 706 2462 quod
720 2409 806 2454 ditium
819 2405 887 2461 foret,

244 2493 322 2538 Scibat
333 2490 445 2542 inituros,
475 2490 560 2547 quippe
573 2491 612 2546 qui
626 2489 788 2542 intellexerat(

246 2573 326 2620 Vereri
341 2586 381 2620 vos
393 2573 415 2619 ie
429 2581 453 2619 et
464 2585 581 2627 meruere,
610 2573 643 2621 ita
657 2584 682 2621 ut
696 2583 797 2630 aequom
810 2571 860 2628 eii,
887 2572 989 2620 ioeemz

247 2662 334 2708 Verum
347 2656 446 2715 profecto
459 2661 503 2705 hoo
514 2669 592 2716 petere
605 2671 643 2704 me
655 2656 759 2713 precario

244 2748 263 2793 ii
277 2744 342 2791 vobis
354 2745 414 2792 iuiiit
427 2743 511 2792 leniter
524 2742 588 2789 dietis
603 2740 676 2788 tonis.

245 2830 336 2877 Etenim
351 2829 408 2882 iiie.-
437 2828 498 2875 ouiu'
512 2829 557 2873 huc
570 2823 629 2872 iuii'u
644 2823 728 2876 venio,
743 2822 840 2880 Iupiter,

246 2915 297 2959 Non
310 2913 395 2963 miuus,
412 2924 481 2969 quam
495 2911 595 2958 uoiirum
609 2911 701 2967 quiuis,
716 2907 827 2960 formidet
843 2907 948 2957 molunt

245 2999 353 3044 Humane
373 3006 448 3042 matre
461 3004 542 3047 natue,
571 2995 673 3039 humano
687 3003 761 3050 petre,

245 3081 326 3129 Mirari
341 3093 388 3125 nou
402 3078 561 3134 coaequum,
590 3075 662 3122 irbiii
681 3077 822 3134 praetimet·

246 3166 319 3220 Atque
331 3175 373 3220 ego
388 3174 479 3219 quoque
492 3161 583 3216 etiam,
609 3159 650 3218 qui
662 3159 727 3206 ioris
739 3160 790 3206 suot
802 3157 874 3213 iiiut,

243 3247 386 3304 contagione
400 3248 448 3294 mei
461 3246 533 3301 petris
547 3253 626 3292 metuo
640 3243 747 3288 mamm:

245 3333 368 3388 Propterea
381 3343 437 3387 paee
451 3331 569 3381 aduenio,
598 3336 622 3375 et
636 3336 719 3384 putem
732 3328 763 3373 ed
777 3338 818 3374 voe
831 3325 918 3382 aduro,

246 3414 329 3462 instem
342 3428 391 3461 rem
406 3424 433 3469 et,
440 3413 533 3460 fertilem
547 3411 591 3458 eiie
605 3421 697 3459 oratum
706 3425 726 3458 e
739 3412 804 3458 vobis
818 3410 879 3458 uoio.

243 3501 305 3548 Nem
318 3496 375 3545 iuste
388 3501 417 3546 ab
436 3497 500 3544 iuitie
512 3484 584 3545 iuttoe
597 3494 647 3543 sum
660 3507 740 3545 orator
753 3497 828 3544 dator.
1031 3533 1037 3541 .

246 3585 306 3631 iiam
325 3580 498 3633 iNIVSTii
519 3575 552 3628 eh'
570 3579 930 3641 ituiiriurperrerenontieoete
962 3602 988 3617 ··

293 3674 296 3681 ’
696 3669 745 3715 Ae
