2767 4384
285 381 355 453 162
513 402 559 454 M.
583 402 713 456 Acen
740 406 924 459 curvat

281 539 362 587 Petere
373 545 510 597 argentum:
525 540 545 586 ia
555 541 623 605 uodie
634 543 673 588 hic
682 544 765 590 aderit.
795 545 855 591 Plau.
868 545 972 591 nimium
982 543 1107 616 consultor
1117 549 1161 597 dia

281 625 359 671 Phorci.
373 625 410 672 Ita
422 639 461 672 me
475 626 556 673 Venus
577 636 656 682 amet,
683 622 714 699 ut
728 641 770 686 ego
789 639 813 675 te
834 630 878 675 lroc
898 630 1009 678 triduum
1031 644 1162 690 uumquuu

761 704 835 751 finam
844 736 853 759 ‚

279 789 308 835 ln
321 789 391 834 domo
404 786 449 834 else
462 785 530 842 istac,
555 790 611 847 quin
625 802 668 847 ego
682 798 706 837 te
718 789 838 835 liberalem
854 790 962 839 liberem.

280 877 340 923 Plau
375 874 469 942 Facito,
503 882 528 921 vt
548 874 690 921 memineris.
746 882 800 920 tene
824 876 910 931 etiam,
938 879 1088 941 priusquam
1110 884 1162 934 hire

767 952 841 1006 abeo,
862 951 963 1000 saulum.

279 1039 357 1090 Phaed„
374 1040 508 1098 Siquidem,
526 1038 619 1093 hercle.
642 1036 702 1084 mihi
715 1049 812 1094 regnum
825 1038 908 1091 detur„
930 1052 1072 1100 numquam
1087 1046 1112 1093 id
1124 1061 1160 1105 po.

762 1110 808 1155 tius
821 1109 954 1167 persequar.
1132 1128 1159 1173 ςς

278 1200 375 1254 Quando
389 1210 432 1255 ego
445 1206 469 1244 te
483 1196 587 1242 videbo?
616 1195 676 1240 Plato
692 1195 762 1249 hem,
779 1195 833 1241 istoc
847 1197 918 1241 verbo
933 1196 1069 1248 vindictam
1083 1217 1147 1262 pm,

278 1287 303 1334 Si
317 1299 397 1337 amas.
413 1297 472 1330 eme.
500 1298 530 1330 ne
542 1284 645 1340 rogitest
667 1281 752 1335 facito,
768 1290 793 1328 vt
807 1281 882 1337 pretio
896 1283 1027 1338 peruincu
1043 1296 1094 1336 ruo.

278 1373 342 1419 Bene
356 1372 414 1417 vale.
445 1368 522 1415 Phaed.
537 1368 615 1414 iamne
628 1379 671 1423 ego
686 1367 825 1423 relinquor?
839 1367 935 1423 pulchre
946 1371 1067 1435 Palinure
1080 1377 1155 1425 offiffi,

278 1457 348 1503 Pelio.
373 1453 543 1512 Egoquidem,
567 1450 608 1509 qui
628 1461 652 1497 et
668 1450 799 1567 vapularssdo
813 1463 837 1498 et
850 1453 931 1501 somno
947 1468 1035 1521 pereo,
1082 1462 1153 1509 Plau

277 1536 280 1547 =
767 1535 850 1578 equere
863 1537 908 1571 me.
946 1558 951 1569 r

389 1673 666 1733 ACTVS'II.
764 1675 1043 1741 SCENAI.
1134 1696 1138 1703 '

443 1780 687 1862 calendar,
717 1808 977 1861 carrucata

273 1881 392 1966 Migrare
406 1919 469 1955 certu
480 1908 506 1954 ’st
520 1907 568 1954 iam
582 1917 644 1952 nuuc
657 1915 670 1950 e
682 1901 737 1949 fano
751 1905 828 1961 sorae,

273 1996 370 2049 Quando
384 1994 502 2050 Aesculapi
515 1994 548 2061 ira
560 1991 631 2065 leutio
644 1990 797 2037 senteutiam:

272 2081 320 2135 Vt,
341 2080 381 2137 qui
394 2093 432 2126 me
446 2078 514 2126 nihili
525 2077 608 2130 faciat,
630 2087 673 2121 nec
685 2073 775 2122 saluom
789 2078 851 2124 velit.

272 2168 388 2214 Valetudo
399 2164 522 2218 decrescit,
543 2160 650 2210 adcrescit
663 2162 737 2208 labor.

272 2255 334 2301 Nam
347 2249 409 2307 iam,
432 2251 584 2309 quonaone,
604 2248 665 2294 liene
680 2249 765 2297 cincus
779 2250 881 2297 ambulo.

271 2339 383 2386 Geminos
398 2339 421 2384 in
436 2348 515 2387 veutre
529 2340 613 2385 habere
630 2337 709 2383 videor
722 2335 790 2383 lilios.

271 2427 336 2483 Nihil
349 2438 444 2481 metuo,
461 2423 504 2470 nili
516 2437 546 2471 oe
559 2423 651 2469 medius
662 2423 794 2478 disrumpar
808 2422 883 2469 miser.

272 2513 341 2560 Polio,
366 2513 389 2564 Si
404 2512 462 2558 recle
476 2503 559 2566 saclas,
583 2509 743 2558 Phaedrome,
764 2507 877 2554 auscultes
888 2511 966 2569 milri,

269 2600 344 2656 lltque
358 2597 424 2641 illam
437 2595 543 2641 exturbes
557 2606 586 2640 ex
600 2593 678 2639 animo
692 2596 869 2653 aegritudinem.

269 2684 358 2734 Peues,
383 2678 511 2731 Parasitus.
535 2681 646 2736 quianon
659 2682 728 2729 rediit
740 2683 812 2729 Caria

267 2765 362 2810 lldserre
377 2776 499 2822 argentum
512 2766 586 2811 credo.
617 2780 688 2820 uam.
715 2765 791 2813 iinon
804 2764 879 2820 serat,

267 2847 397 2895 Tormento
410 2863 457 2894 non
469 2850 563 2897 retineri
577 2853 653 2906 potuit
667 2853 755 2905 ferreo,

266 2933 327 2985 Quin
341 2934 453 2990 reciperet
466 2934 488 2979 se
500 2935 546 2979 huc
560 2934 623 2982 esum
636 2938 665 2983 ad
679 2938 807 2996 praesepitur
820 2936 892 2983 suam.
980 2948 982 2954 ·

233 3062 236 3067 ,
269 3018 330 3075 sopp.
361 3020 418 3072 Quis
431 3019 469 3063 hic
484 3018 530 3073 est,
553 3019 593 3077 qui
614 3020 736 3078 loquitur?
793 3023 862 3069 Polio.
889 3024 984 3080 quoiam
1000 3040 1090 3078 vocem
1106 3042 1146 3089 ego

746 3095 840 3141 aridio?

266 3176 327 3233 supp.
356 3177 424 3224 Estne
434 3180 473 3225 hic
484 3181 606 3227 Palinurus
617 3181 776 3227 Phaedromi?
797 3177 865 3224 Palm.
876 3178 915 3233 qui
925 3179 965 3225 hic
974 3179 1009 3227 cll
1021 3182 1102 3232 homo
1117 3192 1143 3231 ις

264 3260 322 3306 Cum
335 3261 447 3309 collatino
461 3275 557 3318 ventre,
579 3274 648 3321 etque
662 3266 736 3312 oculis
748 3262 858 3311 uerteret

263 3346 388 3392 Deforme
405 3352 476 3405 noui,
496 3352 525 3398 de
538 3351 615 3398 colore
628 3365 675 3398 non
690 3363 750 3407 qrreo

264 3430 374 3484 Nouisse,
398 3434 567 3481 lamiamtroul.
596 3436 650 3482 leno
665 3436 697 3483 est
710 3433 841 3489 cappadox.
916 3484 923 3507 r

264 3519 408 3576 congrediar.
440 3522 500 3577 Capp.
523 3520 585 3568 solue
603 3522 717 3568 Palinure.
748 3515 815 3564 Paliae
838 3516 978 3567 oscrlerum
991 3531 1085 3579 caput,

262 3604 362 3653 Selurtc.
384 3604 438 3664 quid
446 3604 515 3663 agis?
544 3602 605 3666 supp.
621 3608 683 3656 vluc
714 3603 783 3652 Pal‘r.
798 3618 897 3662 nempe,
918 3603 1090 3663 vtdiznusec.
1109 3622 1140 3659 ac

637 3697 640 3702 '
1072 3696 1136 3750 aed.
