2767 4384
562 432 786 488 cns1un.
1042 438 1109 519 195

367 601 526 663 acnvs
564 605 615 663 11.
691 602 987 667 scaunvn.
1076 690 1079 698 Ι

495 732 498 739 ·
555 708 786 770 ἐΗΛιιΝνεῑ

238 794 273 867 Si
288 831 350 866 nunc
365 832 404 866 me
418 817 572 876 suspendam,
595 829 672 863 meam
689 828 786 877 opernm
801 818 912 876 luserim,

240 904 271 950 lle
285 913 378 959 prneter
391 914 488 959 operam
506 902 583 949 tellina
602 901 783 956 sumtisecerim,

240 986 270 1033 Et
287 987 346 1034 meis
363 986 464 1033 inimicis
481 986 626 1042 voluptatem
644 987 780 1032 creauerim.

240 1072 303 1126 Quid
323 1070 382 1129 opus
397 1070 444 1125 est,
466 1071 506 1128 qui
521 1069 552 1116 stc
567 1071 694 1116 mortuus?
717 1070 825 1125 equidem
840 1077 920 1119 tamen

240 1156 303 1203 llortl
318 1155 369 1202 sum
385 1156 472 1208 vitius,
497 1153 577 1200 Casina
592 1155 665 1200 nubat
680 1151 764 1198 villico.

241 1242 316 1297 nmue
331 1241 356 1285 id
372 1253 417 1284 non
433 1247 481 1282 ram
496 1249 563 1293 aegre
577 1236 619 1290 ll,
638 1237 685 1283 iam
704 1236 781 1284 vicisse
796 1236 915 1294 villicatu,

241 1322 318 1378 Quam
333 1323 358 1367 id
374 1317 508 1376 expetiuisse
523 1332 593 1376 opere
608 1331 656 1368 tarn
671 1334 757 1379 magno
772 1321 866 1378 senem,

240 1408 277 1454 Ne
294 1419 322 1452 ea
339 1403 399 1449 mihi
418 1404 526 1456 daretur,
548 1414 616 1462 atque
634 1414 660 1451 vt
677 1406 712 1451 illl
729 1407 833 1456 nuberet.

240 1490 275 1536 Vt
291 1489 331 1533 ille
346 1489 491 1543 trepidabat!
513 1500 538 1534 vt
550 1486 670 1536 festinabat
684 1488 769 1536 miser!

240 1572 277 1619 Vt
290 1568 443 1624 subsultabat,
462 1570 582 1633 postquam
596 1576 651 1620 vicit
666 1574 772 1621 vitricus!

241 1657 312 1707 atat,
329 1655 452 1700 concedam
467 1657 529 1703 huc:
554 1659 623 1704 audio
639 1657 724 1714 aperiri
742 1656 805 1704 soret

227 1737 304 1797 ,Mitti
318 1739 486 1786 beneuolentis.
514 1750 583 1796 atque
599 1753 613 1785 a
627 1755 665 1786 me
679 1743 802 1799 prodeunt.

241 1820 304 1871 llinc
323 1834 352 1868 ex
370 1821 458 1868 infidiis
475 1822 537 1868 lritce
557 1835 600 1880 ego
615 1824 710 1873 infidias
725 1826 792 1873 dabo.

354 1977 515 2034 ACTVS
556 1976 606 2032 ΙΙ.
690 1978 853 2037 SCENA
892 1978 1002 2038 v111.

235 2084 237 2089 '
299 2092 503 2147 pumero,
566 2092 771 2150 omino,
835 2073 1108 2159 cincinnus.x

243 2160 307 2233 Sine
323 2188 395 2234 modo
409 2201 449 2234 rus
466 2192 558 2246 veniat,
582 2203 625 2249 ego
641 2195 760 2240 remittam
778 2195 807 2238 ad
821 2203 844 2239 te
860 2191 937 2239 nuum

201 2274 208 2293 ¹
242 2272 303 2318 Cum
316 2271 382 2318 furca
396 2274 420 2318 iu
436 2275 534 2328 vrbem,
554 2284 674 2331 tamquam
690 2277 860 2323 carbonarium.

244 2357 300 2404 stat.
340 2358 378 2404 Ita
394 2359 444 2404 lieri
460 2364 557 2413 oportet
587 2357 664 2415 Olymp.
680 2354 764 2403 fastum
779 2366 802 2404 et
816 2367 921 2406 curatum
937 2363 1004 2407 dabo.

245 2440 299 2487 stat.
342 2439 415 2486 Volui
426 2440 566 2494 Chalinum,
585 2438 603 2485 ll
617 2441 680 2486 domi
696 2439 766 2494 esset,
786 2443 878 2486 mittere

246 2526 339 2572 Tecum
357 2521 510 2575 obsonatum,
531 2532 556 2569 rt
571 2523 640 2570 etiam
657 2524 681 2570 in
698 2537 802 2570 maerore
818 2525 910 2581 iusuper
1100 2533 1112 2575 ς

245 2606 346 2652 Inimico
361 2604 436 2650 undro
451 2605 639 2653 miseriamhanc
652 2609 811 2666 adiungerent.

248 2689 305 2735 Chal.
347 2688 457 2736 Recessim
473 2690 552 2737 cedam
567 2693 596 2739 ad
613 2693 741 2748 parietem,
761 2693 868 2739 imitabor
883 2704 984 2748 nepam,

246 2774 379 2832 captandus
394 2773 426 2820 est
441 2774 527 2835 horum
539 2774 669 2821 clanculum
684 2775 759 2824 sermo
774 2776 847 2829 mihi,

246 2856 307 2905 Nam
324 2858 418 2903 illorum
434 2871 472 2903 me
487 2858 546 2919 alter¹
562 2859 664 2912 cruciat,
683 2861 741 2906 alter
755 2871 862 2906 macerat

247 2946 277 2991 At
291 2942 427 2988 candidatus
444 2940 505 2987 cedit
519 2942 558 2987 hic
571 2942 690 2999 mastigia:

247 3027 401 3074 stimulorum
417 3025 493 3071 loculi.
523 3025 622 3081 protollo
636 3035 736 3073 mortem
751 3026 816 3072 mihi.

249 3112 344 3159 certum
363 3109 409 3162 est,
434 3111 497 3155 hunc
514 3110 669 3164 Acheruntem
684 3111 831 3167 praemittam
847 3109 917 3165 prius.

250 3194 328 3253 Olrnrp.
342 3194 376 3240 Vt
390 3192 432 3239 tibi
447 3206 490 3251 ego
506 3193 615 3239 inuentus
629 3192 680 3239 sum
696 3194 838 3250 obsequens!
859 3193 921 3249 quod
936 3204 1047 3240 mamtme

248 3278 377 3337 cupiebas,
398 3276 446 3323 eius
461 3277 552 3335 copiam
566 3275 610 3323 feci
625 3276 675 3323 tibi.

248 3363 298 3410 Erit
313 3363 382 3409 hodie
398 3370 490 3415 tecum,
510 3363 572 3420 quod
586 3373 666 3414 umas,
684 3359 744 3407 clam
758 3373 862 3407 nutrirent.
892 3358 945 3407 stat.
960 3370 1016 3407 ttce.
1083 3369 1113 3412 ις

230 3450 234 3463 ¹
250 3447 285 3494 ltt
301 3460 339 3493 me
353 3446 384 3492 m
396 3446 456 3491 bene
470 3455 566 3499 ament,
584 3457 608 3491 vt
623 3457 666 3502 ego
681 3445 721 3491 vix
735 3444 836 3500 reprimo
851 3445 931 3498 labra,

250 3530 285 3577 oo
300 3530 365 3578 illam
379 3543 446 3584 rent,
465 3530 519 3589 quin
534 3541 556 3576 te
572 3529 704 3580 deosculer.
724 3528 829 3584 voluptas
844 3543 902 3589 mea,

253 3613 308 3661 Clas,
346 3614 421 3670 Quid,
437 3612 573 3671 deosculer?
583 3656 585 3663 .
591 3626 654 3675 pute
670 3624 708 3659 ret
725 3611 776 3658 est?
799 3613 904 3671 volupttt
921 3625 979 3673 quae
993 3611 1052 3658 tua?
1084 3678 1089 3687 ἢ

577 3730 579 3735 .
678 3697 740 3745 Nn
789 3706 793 3717 “
1035 3693 1112 3754 odmp.
