2767 4384
280 407 352 485 350
511 405 558 460 ur.
581 403 714 458 nccrr
736 404 920 501 anatur

278 549 339 605 Quia
351 549 419 597 illum
433 548 534 595 clamore
549 546 596 594 vidi
609 546 745 606 flagitarler.
842 560 844 571 ¹

247 618 253 630 ¹
277 635 314 683 lle
328 648 383 681 mox
400 634 495 685 erretis,
519 630 568 678 iarn
581 644 644 679 nuno
657 635 766 687 praediun
779 635 851 692 print.
1040 638 1051 675 t

278 719 346 766 Idem
360 719 391 765 eil
404 719 517 765 ambobus
529 731 616 765 nomen
630 718 731 776 geminis
743 719 861 788 frambur.

278 804 346 852 Nunc
358 803 383 849 in
398 803 555 860 Epidamnum
569 804 668 861 pedibus
681 804 828 851 redeundum
842 803 961 860 ellmihi,
995 826 997 831 ·
1027 806 1029 813 '

278 889 311 957 vt
326 890 385 934 hano
399 901 450 933 rem
464 886 530 941 vobis
543 883 682 934 examullim
694 886 816 944 disputem.
994 896 996 905 ·
1062 892 1066 899 ·
1125 898 1153 943 ςο

275 973 303 1037 §i
319 973 369 1029 nuris
382 973 439 1031 quid
453 972 554 1018 nostrum
569 973 727 1029 Epidamnum
741 970 816 1016 auaui
829 969 873 1017 libi
968 1000 970 1005 -
1013 978 1037 1041 ἰ
1117 969 1120 975 ’

278 1056 357 1110 Velit,
377 1056 398 1102 is
413 1056 520 1102 audatter
533 1056 648 1113 impetam
659 1064 684 1102 et
697 1055 786 1102 dioitor

239 1172 242 1177 ,
277 1141 324 1189 Sed
338 1141 387 1194 ita,
409 1149 435 1187 vt
447 1142 501 1194 det,
523 1140 584 1186 vnde
603 1139 717 1187 ournrlid
730 1137 860 1195 pollitfibi.

274 1226 339 1271 Nam
353 1224 395 1270 nili
408 1224 447 1281 qui
461 1234 583 1281 argentum
598 1224 702 1277 dederit,
725 1234 799 1279 nugas
814 1223 895 1282 egerit.

278 1308 323 1362 Qui
336 1309 443 1361 dedetit;
467 1308 542 1367 magis
556 1309 656 1355 muniones
670 1317 743 1364 nugat
757 1308 846 1365 egerit:
1095 1298 1097 1303 ’
1125 1318 1151 1366 et

277 1394 367 1441 Verum
382 1393 438 1439 illuc
452 1394 537 1445 redeo,
558 1394 619 1438 vnde
633 1393 697 1448 abii,
720 1401 790 1447 etque
810 1383 856 1437 vno
869 1389 933 1439 tdsto
946 1392 971 1439 in
983 1392 1044 1443 loon.

277 1476 462 1533 Epidamnienfir
476 1475 534 1527 ille,
556 1487 626 1531 quem
639 1477 729 1522 dudum
744 1475 867 1526 dixeram,

278 1558 407 1608 Geminium
427 1561 495 1607 illum
510 1571 625 1616 puerum,
649 1560 688 1616 qui
706 1560 817 1617 surripuit
832 1561 950 1625 alterutra

277 1643 306 1690 Ei
321 1643 467 1710 liberorum,
492 1643 534 1690 nid
546 1643 658 1697 diuitiae,
679 1645 739 1691 nihil
754 1655 818 1692 erata

277 1728 379 1783 Adoptat
393 1727 462 1773 illum
476 1740 577 1783 puerum
590 1728 749 1785 surreptitium

278 1812 326 1860 Sibi
342 1811 435 1864 lilium,
460 1813 527 1868 eique
541 1824 637 1859 uxorem
650 1815 755 1859 domtam
768 1812 847 1860 dedite

275 1895 383 1951 Eumque
398 1895 509 1951 heredem
523 1894 595 1950 fecit,
618 1900 689 1953 quam
704 1897 751 1953 ipse
765 1897 824 1944 obiit
835 1896 907 1944 ditm.

277 1981 338 2026 Nam
351 1993 391 2025 rus
403 1990 428 2026 ut
442 1979 491 2026 ibat
505 1979 578 2033 forte,
601 1989 627 2026 vt
640 1982 743 2028 miiitum
757 1979 883 2037 pluuerat,

278 2065 392 2123 Ingressus
405 2063 506 2109 fluuium
518 2061 627 2118 rapidum
641 2065 670 2109 ab
685 2065 742 2110 vrbe
758 2065 822 2110 haud
835 2062 943 2120 longule,

277 2150 381 2205 Rapidus
395 2146 481 2204 raptori
496 2147 562 2202 pueri
576 2146 686 2195 subduxit
699 2148 784 2204 pedes,

277 2231 437 2288 Abstraxitque
451 2232 572 2278 hominem
585 2232 609 2278 iu
624 2246 763 2279 maxumam
776 2231 866 2278 malam
876 2238 978 2279 moen·

277 2318 315 2363 Illi
330 2316 426 2362 diuitiae
438 2324 567 2362 euenerunt
579 2329 711 2363 maxumae.
776 2355 778 2359 .
934 2320 938 2327 “

278 2401 302 2448 ls
316 2402 364 2447 illio
377 2400 465 2446 habitat
478 2400 585 2456 geminus
599 2401 751 2458 surreptitius.

278 2489 346 2534 Nunc
359 2486 397 2531 ille
410 2485 534 2541 geminus,
557 2484 724 2545 quidytnoultr
739 2485 823 2537 habet,

278 2571 354 2616 Hodie
368 2571 392 2615 in
405 2569 562 2625 Epidamnum
576 2569 640 2616 veuit
653 2582 707 2617 oum
719 2570 785 2617 seruo
798 2568 855 2621 suo,

279 2655 347 2700 lituro
361 2654 514 2709 quaeritatum
528 2654 648 2709 geminum
662 2667 800 2711 germanum
812 2654 886 2702 snum.

278 2738 342 2787 Haeo
355 2739 409 2782 vrbs
423 2736 567 2792 Epidamnus
581 2737 627 2791 est,
649 2740 707 2784 dum
719 2740 777 2786 haec
789 2740 865 2795 agitur
879 2738 981 2786 Fabula:

232 2876 235 2881 .
279 2821 376 2873 Quando
389 2821 435 2865 alia
449 2832 544 2877 agetur,
567 2822 629 2868 aliud
644 2821 685 2869 liet
698 2824 826 2879 oppidum:
1031 2821 1033 2826 '

198 2953 201 2962 y
279 2904 343 2950 Sicut
356 2903 458 2949 familiae
474 2915 564 2960 quoque
580 2904 652 2952 solent
664 2908 791 2954 mutarier:

205 2988 208 2994 ’
278 2986 506 3033 Modoenimidem
520 2986 630 3042 litiano,
652 2991 724 3036 modo
738 2989 883 3043 adolescens,
905 2991 977 3038 modo
989 2989 1078 3043 senex,
1120 2999 1150 3044 75

279 3069 388 3127 Pauper,
409 3072 546 3127 mendicus,
568 3085 628 3146 rex..
648 3075 778 3130 paradeus,
802 3075 896 3124 ariolus,

444 3186 610 3301 nouvs
649 3221 675 3276 1.
760 3216 922 3275 scENA
956 3202 1032 3299 19‘¹

596 3338 837 3386 PENICVLVS.

229 3414 233 3424 ⁸
280 3405 397 3485 quentus
411 3447 497 3484 nomen
511 3439 566 3488 ferit
579 3441 689 3487 Peniculo
703 3440 780 3494 mihi,

275 3520 335 3569 ideo
347 3519 401 3578 quia
416 3520 533 3576 mensam,
557 3526 649 3582 quando
663 3526 725 3579 edo,
747 3526 862 3585 detergeo.

279 3602 392 3655 fluminea
405 3604 522 3687 uepreiuor
534 3608 575 3666 qui
588 3608 676 3656 oatemr
688 3608 810 3663 vireium,
822 3603 824 3608 '
