2767 4384
1124 812 1608 873 cAPT1v1.
2091 796 2238 893 '145

508 960 695 1007 Tantus
725 960 877 1007 ventri
906 970 1193 1008 commentus
1222 972 1331 1008 meo
1360 962 1484 1008 adest
1512 962 1560 1007 in
1585 970 1725 1018 portu
1751 962 1896 1011 cibus.

506 1045 601 1090 Sed
632 1056 720 1100 ego
757 1038 875 1089 ce‘ffo
910 1044 1034 1091 hunc
1070 1043 1330 1101 Hegionem
1357 1058 1550 1093 onerare
1578 1047 1754 1094 laetitia
1785 1047 1980 1095 senem?

510 1129 603 1182 Qui
634 1128 822 1174 homine
856 1129 1060 1185 adaeque
1098 1140 1238 1174 nemo
1271 1129 1390 1176 viuit
1422 1128 1713 1176 fortunatior.

510 1215 627 1267 Heg.
681 1213 813 1267 Quae
840 1211 977 1259 illaec
1004 1210 1068 1258 est
1098 1212 1305 1266 laetitia,
1355 1224 1497 1270 quam
1529 1211 1624 1258 illic
1659 1211 1806 1260 laetus
1836 1216 2029 1274 largitur
2059 1214 2222 1265 milii?

512 1300 613 1356 Erg.
670 1297 826 1351 Hem,
873 1296 953 1343 vbi
989 1293 1131 1341 estis?
1187 1296 1343 1352 ecquis
1387 1297 1477 1341 hoc
1512 1296 1661 1352 aperit
1707 1297 1912 1345 ostium?
2019 1302 2128 1361 Heg.
2171 1304 2249 1349 hic

1472 1373 1615 1415 homo
1805 1392 1810 1397 ·
2187 1384 2250 1424 50

505 1457 580 1503 Ad
609 1467 801 1502 coenam
833 1454 998 1511 recipit
1031 1454 1075 1500 se
1109 1455 1168 1499 ad
1201 1466 1293 1499 me.
1354 1455 1454 1511 Erg.
1486 1452 1662 1508 aperite
1691 1453 1828 1498 hasce
1860 1456 2018 1501 ambas
2052 1456 2202 1511 sorec,
2242 1455 2246 1460 '

507 1539 785 1594 Priusquam
822 1539 1046 1595 pultando
1074 1541 1148 1585 vel
1177 1536 1407 1583 affuiatim
1441 1537 1617 1584 foribus
1645 1539 1843 1584 exitium
1878 1537 2049 1584 adsero.

510 1625 620 1681 Heg.
682 1623 902 1669 Perlubet
932 1624 1059 1668 hunc
1090 1621 1330 1668 hominem
1359 1620 1557 1676 colloqui
1575 1605 1595 1674 ,'
1635 1619 1852 1679 Ergafile.
1937 1624 2038 1681 Erg.
2075 1622 2251 1679 Ergasi-

1473 1699 1604 1753 lum,
1649 1698 1727 1756 qui
1758 1710 1892 1746 vocat
1910 1701 1935 1745 ἲ

509 1783 624 1838 Heg.
683 1780 887 1836 Respice.
946 1783 1045 1840 Erg.
1073 1758 1304 1835 Fortuna,
1349 1784 1474 1838 quod
1500 1782 1583 1831 tibi
1619 1795 1706 1829 nec
1737 1783 1878 1838 facit,
1927 1792 2013 1829 nn
2041 1782 2206 1835 faciet,

507 1864 612 1912 Hoc
644 1877 723 1910 me
753 1865 897 1912 iubes.
954 1866 1032 1911 sed
1059 1865 1139 1923 qui
1170 1864 1270 1911 est?
1359 1869 1469 1925 Heg.
1516 1866 1685 1923 respice
1714 1868 1773 1914 ad
1803 1878 1879 1912 me
1897 1898 1913 1920 ,
1951 1865 2102 1923 Hegio
2131 1865 2246 1911 sum.

1477 1939 1576 1993 erg.
1608 1938 1670 1982 oh
1703 1937 1854 1983 mihi!
2184 1942 2242 1987 55

510 2019 747 2070 Quantum
779 2018 841 2065 est
866 2018 1112 2065 hominum
1141 2027 1441 2076 optumorum
1472 2032 1694 2075 optume,
1724 2020 1773 2065 in
1795 2029 2006 2074 tempore
2038 2018 2244 2064 aduenis.

509 2104 619 2160 Heg.
679 2104 871 2158 Nescio,
919 2117 1058 2160 quem
1102 2104 1161 2148 ad
1196 2112 1388 2159 portum
1430 2102 1585 2147 nactus
1621 2115 1698 2154 es,
1743 2103 1823 2149 vbi
1856 2114 2048 2154 coenes,
2101 2114 2155 2147 eo
2186 2100 2249 2146 fa·

1478 2174 1618 2220 ssidis.

511 2261 615 2316 Erg-
677 2260 802 2307 Cedo
824 2272 1031 2307 manum.
1091 2260 1201 2317 Heg.
1227 2271 1422 2306 manum
1437 2259 1462 2304 ’Ξ
1519 2260 1619 2317 Erg-
1643 2270 1838 2305 manum
1854 2291 1867 2312 ‚
1894 2258 2082 2315 inquam
2101 2289 2116 2310 ‚
2139 2259 2253 2304 cedo

1485 2333 1618 2371 tuam
1651 2326 1870 2370 astutum.
1928 2325 2036 2380 Heg.
2065 2332 2184 2369 tene.

512 2412 615 2469 Erg-
675 2409 852 2456 Gaude.
913 2412 1022 2469 Heg.
1064 2409 1175 2467 quid
1208 2421 1292 2467 ego
1325 2409 1552 2466 gaudeam
1567 2410 1592 2454 ’Ξ
1649 2410 1749 2466 Erg.
1797 2408 1906 2464 quia
1937 2419 2026 2464 ego
2053 2408 2248 2464 impetos

1477 2483 1562 2528 age
1577 2504 1594 2525 ‚
1630 2473 1780 2529 gaude
1810 2473 1963 2517 modo.

510 2561 623 2616 Heg.
686 2559 769 2605 Pol
799 2570 1029 2606 maerores
1056 2559 1124 2602 mi
1140 2564 1441 2603 anteum-tunt
1461 2556 1652 2613 gaudiis.
1712 2558 1810 2612 Erg.
1834 2555 1929 2600 noli
1948 2554 2158 2611 irascier,
2191 2557 2260 2599 60

509 2644 614 2689 Iam
652 2654 739 2698 ego
773 2654 830 2687 ex
861 2654 1051 2697 corpore
1079 2642 1262 2696 exigam
1292 2653 1457 2685 omnes
1484 2639 1690 2684 maculas
1718 2651 1984 2685 maerorum
2022 2640 2124 2685 tibi.

513 2726 680 2772 Gaude
715 2726 941 2770 audacter.
1000 2725 1109 2780 Heg.
1137 2724 1348 2778 gaudeo,
1370 2758 1374 2763 .
1396 2721 1478 2767 etii
1515 2721 1633 2767 nihil
1663 2721 1785 2776 scio,
1834 2724 1956 2777 quod
1987 2724 2248 2779 gaudeam.-

514 2812 618 2866 Erg.
679 2809 806 2854 Bene
838 2807 964 2852 facis.
1022 2806 1146 2851 iube.
1223 2806 1331 2863 Heg.
1361 2805 1474 2862 quid
1501 2804 1725 2912 ἰυὴεεὲῃξ
1780 2808 1879 2863 Erg.
1915 2806 2071 2861 ignem
2102 2804 2260 2861 ingen-

1490 2878 1587 2915 tem
1652 2881 1733 2913 en.

516 2961 630 3015 Heg.
687 2955 854 3013 Ignem
883 2954 1161 3010 ingentem?
1257 2952 1360 3011 Erg.
1413 2950 1480 2998 ita
1513 2954 1645 3006 dico,
1688 2963 1884 3008 magnus
1910 2959 1960 2996 vt
1991 2949 2060 2996 fit.
2095 2949 2101 2960 “
2147 2952 2257 3009 Heg.

1486 3023 1595 3080 quid
1614 3024 1639 3067 ἐ’
1684 3035 1761 3069 me
1794 3021 1991 3067 volturie
2009 3053 2024 3073 ,

514 3110 670 3155 Tuan'
705 3106 837 3153 causa
866 3108 1018 3154 aedeis
1048 3106 1342 3154 incensurum
1374 3105 1529 3154 censes
1548 3108 1573 3152 ‘3
1629 3107 1729 3164 Erg.
1762 3105 1856 3150 noli
1889 3103 2084 3149 irascier.
2193 3103 2258 3153 σς

512 3192 706 3245 Iuben’,
755 3204 814 3236 an
847 3203 940 3236 non
970 3191 1102 3236 iubes
1131 3190 1312 3238 adstitui
1339 3192 1510 3237 aulas?
1569 3191 1747 3247 patinas
1789 3190 1921 3236 elui?

512 3277 738 3324 Lat-idum
775 3284 911 3330 atque
942 3274 1101 3330 epulas
1133 3271 1282 3320 foueri
1312 3274 1476 3321 foculis
1506 3275 1833 3321 sernentibus?

513 3359 673 3407 Alium
711 3356 852 3414 pisces
883 3354 1210 3413 praestinatum
1241 3358 1408 3405 abire?
1463 3358 1572 3415 Heg.
1602 3358 1682 3403 hic
1712 3358 1907 3415 vigilans
1936 3354 2148 3401 somniat.

516 3447 617 3500 Erg.
677 3443 833 3487 Alium
871 3441 1138 3497 porcinam,
1181 3450 1317 3497 atque
1350 3442 1601 3501 agninam,
1646 3452 1694 3487 et
1725 3442 1878 3498 pullos
1916 3439 2230 3496 gallinaceos?

516 3531 629 3584 Heg.
688 3525 786 3572 Scis
817 3526 935 3571 bene
967 3521 1088 3578 effe,
1136 3522 1172 3569 fi
1202 3521 1259 3570 fit
1291 3524 1425 3571 vnde.
1539 3525 1639 3583 Erg.
1684 3536 1881 3580 pernam
1914 3510 2052 3579 atque
2083 3522 2260 3578 opthai-

1485 3596 1590 3645 mia.
2196 3598 2262 3641 70

511 3681 782 3733 Horaeum,
828 3676 1119 3735 scombrum,
1165 3690 1213 3727 et
1245 3676 1515 3792 trigotmml,
1563 3628 1613 3727 εξ
1647 3686 1830 3733 cetum,
1881 3688 1930 3726 et
1959 3677 2154 3724 mollem
2188 3685 2259 3720 ca-

1505 3756 1628 3791 enm.

518 3830 629 3885 Heg.
688 3824 973 3872 Nominandi
1002 3825 1193 3875 istorum
1222 3826 1309 3875 tibi
1344 3828 1433 3876 erit
1460 3828 1641 3886 magis,
1692 3838 1832 3885 quum
1862 3824 2035 3873 edundi
2070 3818 2232 3879 copia,

515 3913 608 3959 Hic
636 3911 869 3967 apud-me
886 3942 901 3963 ,
932 3910 1148 3967 Ergnme.
1206 3912 1307 3971 Ert-
1334 3914 1487 3961 παῦ’
1505 3924 1584 3960 me
1609 3910 1742 3959 canta
1767 3912 1856 3957 hoc
1883 3906 2038 3965 censes
2069 3902 2260 3951 dicere?

518 3998 629 4052 Heg.
688 3994 787 4039 Nec
815 3992 934 4039 nihil
966 3995 1102 4040 hodie
1124 4026 1139 4048 ,
1168 4008 1255 4043 noc
1282 3997 1434 4045 multo
1460 3998 1566 4056 plus
1593 3996 1739 4045 tunic
1756 3996 1862 4043 edet
1879 4024 1894 4047 ,
1925 4004 1984 4038 ne
2002 3988 2163 4035 frustra
2180 3986 2254 4032 ῦς.

643 4079 716 4118 Μ.
745 4082 816 4118 .Α.
852 4078 997 4118 Plauti
1022 4079 1199 4118 Comoaed.
1658 4074 1720 4118 R
2125 4064 2293 4107 2¹5*ss
