2767 4384
281 416 349 497 148
508 424 552 475 ru.
577 423 709 479 Accu
738 424 918 475 runvur

277 569 355 621 Nam,
377 563 396 611 su
418 563 464 612 alia
486 576 632 617 memorem,
658 575 717 621 quae
742 564 772 609 ad
786 562 872 623 ventus
893 560 986 608 villum
1008 560 1157 613 modorum.

760 652 826 684 mora
840 639 880 685 est.

280 729 349 775 Nunc
361 727 400 772 ibo
416 726 445 772 ad
457 706 638 782 praefecturam.
659 733 682 770 et
696 724 733 769 ius
746 722 822 768 dicam
835 721 926 776 larid03
966 772 969 779 ¹
1194 784 1197 791 Ι

280 811 325 866 Et,
337 823 405 869 ¹quae
419 810 521 866 pendent
533 809 680 855 indemnatae
693 819 796 865 pernae,
822 806 855 853 eis
869 806 989 853 auxilium
1005 812 1035 852 vt
1048 803 1134 853 feram.

407 972 568 1034 n'crvs
588 976 671 1057 iv.
756 968 1033 1032 scuun‘w.
1087 942 1089 947 ’

539 1110 648 1155 PVER
676 1107 890 1155 HEGIONIS.

281 1184 415 1264 Diespiter
431 1215 454 1254 te
470 1207 560 1263 Dique,
584 1206 702 1262 argente,
723 1208 821 1262 perdant
838 1214 861 1252 et
879 1212 988 1251 uentrem
1003 1211 1099 1258 tuum,

280 1292 439 1348 Paralltosquc
457 1304 553 1342 omnes,
581 1292 658 1347 etqui
674 1291 767 1346 polluar
786 1304 881 1338 coenam
897 1287 1009 1335 Paralitis
1027 1287 1106 1334 dabit.

282 1377 364 1424 Clades
385 1376 566 1431 calamitasque,
590 1375 741 1431 intemperies
765 1376 835 1420 modo
851 1374 875 1420 in
889 1372 996 1419 nostram
1012 1370 1160 1419 aduenit‘tb·

764 1462 838 1492 nturn.
908 1462 911 1471 ¹

281 1532 350 1587 Quali
365 1531 433 1586 lupus
451 1530 567 1585 esuriens,
589 1532 679 1582 metui,
702 1545 731 1577 ne
746 1532 769 1576 in
786 1546 823 1576 me
838 1531 924 1576 faceret
938 1530 1074 1587 impetum

206 1658 208 1662 ,
280 1615 418 1672 Nimisque,
440 1616 600 1673 hercle,-ego
619 1616 688 1662 illum
705 1617 767 1662 nrale
786 1615 958 1660 formidabam:
989 1615 1027 1661 ita
1043 1613 1157 1661 bernean

763 1702 879 1747 dentibus.
1138 1704 1152 1749 5
1185 1692 1189 1769 Ι

283 1783 417 1829 Adueniens
430 1782 563 1829 deturbatuit
577 1789 653 1830 totum
672 1795 725 1829 cum
741 1798 808 1830 tarne
826 1783 966 1828 carnarium.

282 1867 387 1923 Arripuit
403 1866 525 1923 gladium,
548 1868 720 1922 praetruncauit
737 1868 810 1913 tribus
828 1848 959 1922 tergoribus
974 1866 1082 1923 glandia.

282 1953 368 2004 Aulas,
391 1952 517 2006 calicesque
533 1960 615 1996 omnes
630 1950 758 2006 confregit,
775 1949 826 1995 -nisr
841 1962 900 2005 quae
917 1951 1039 1997 modiales
1055 1958 1127 1997 aaut

282 2037 370 2082 Cocum
383 2035 576 2090 percontabatur,
599 2030 719 2089 polientne
735 2033 805 2077 seriae
822 2032 957 2097 feruescere.

283 2119 358 2166 Cellas
376 2117 471 2174 refregit
486 2129 568 2163 omnes
581 2116 658 2170 intus,
678 2115 814 2171 reclusitque
828 2117 964 2163 armarium.
1130 2129 1157 2166 ιο

281 2201 405 2247 Adlcruate
422 2200 496 2246 illunc
510 2199 574 2246 sultis
591 2198 670 2254 serui3
694 2211 737 2256 ego
750 2198 809 2250 ibo,
832 2208 856 2244 vt
871 2202 1014 2248 conueniam
1031 2203 1123 2250 senem.

281 2271 380 2336 nicoma
403 2292 427 2330 vt
443 2285 484 2328 ilbi
499 2297 587 2340 penum
603 2284 762 2336 eliodorum,
786 2281 898 2338 liquidem
914 2284 960 2330 lese
983 2286 1017 2332 oti
1037 2288 1111 2335 volet.

281 2370 343 2416 Nem
358 2368 396 2415 bic
410 2369 522 2427 quidem,
546 2376 570 2415 vt
584 2369 696 2422 adornat.
716 2376 758 2416 aut
771 2366 818 2440 iam
835 2366 894 2411 nibil
910 2369 957 2423 est,
974 2381 1018 2417 aut
1036 2372 1089 2420 iam
1107 2373 1158 2421 nibil

765 2445 815 2480 ent.

443 2591 603 2648 Achs
642 2591 684 2648 V.
759 2592 925 2648 SCENA
961 2594 991 2648 I.

294 2725 436 2776 nrum,
463 2724 809 2777 naroororamrs,
837 2728 1147 2783 anrrocnmrao

280 2804 337 2874 Ioui
355 2830 450 2885 illisque
468 2841 511 2885 ago
529 2832 614 2886 gratias
632 2831 716 2877 merito
735 2840 846 2885 magnas,

280 2915 356 2967 Quom
372 2923 395 2958 te
411 2915 521 2958 reducem
537 2923 578 2958 tuo
594 2914 654 2968 patri
672 2915 836 2968 reddiderunt,

281 2997 403 3051 Quomque
419 3010 448 3043 ex
463 2996 560 3043 miseriis
574 2997 685 3053 plurimis
700 3011 737 3043 me
756 3007 910 3052 exeruerunt,

281 3079 343 3130 Quae
360 3081 434 3124 adhuc
451 3089 473 3124 te
490 3093 582 3132 carens,
607 3081 663 3129 donn
679 3081 717 3126 bio
731 3081 780 3133 fui.
805 3083 976 3131 sustentabam:
1189 3022 1195 3203 ι

280 3165 402 3218 Quomque
420 3166 481 3209 hune
498 3163 611 3220 conspicio
629 3165 653 3210 in
672 3166 782 3220 potestate
801 3167 890 3220 nostra,
1146 3182 1157 3225 ς
1192 3206 1195 3211 .

281 3248 402 3300 Quomque
417 3248 473 3293 haec
487 3258 578 3304 reperta
594 3247 626 3294 eli
638 3247 696 3294 fides
712 3249 781 3295 lirrna
796 3250 869 3294 nobis.
1192 3252 1197 3295 l

281 3331 341 3376 Satis
356 3331 405 3375 iam
421 3333 485 3376 dolui
499 3344 528 3375 ex
542 3332 635 3383 auimo,
657 3341 680 3377 et
697 3345 751 3378 cura
769 3345 807 3377 me
821 3331 873 3378 latis
1191 3316 1197 3429 Ι

282 3416 312 3461 Et
328 3414 436 3459 lacrumis
452 3416 575 3461 maceraui.
604 3416 672 3461 lloc!
699 3416 752 3462 satis
766 3417 813 3461 iarn
830 3419 909 3464 audiui

283 3497 347 3542 'suas
362 3508 498 3547 aerumnas.
520 3500 550 3543 ad
567 3509 661 3553 portum
679 3501 753 3553 mibi.
776 3515 831 3559 quas
846 3503 986 3559 memorasti,

283 3580 332 3627 lloo
342 3591 443 3637 agamus.
474 3577 559 3624 Plrilocr.
573 3582 628 3637 quid
637 3594 707 3637 niorto¹
718 3586 828 3651 quoniam
838 3598 914 3637 tecum
922 3588 1014 3634 seruaui
1024 3588 1111 3649 iidem.
1129 3603 1159 3641 ιο

1089 3698 1157 3746 Tibi·
