2767 4384
605 388 838 449 nisius.¹
891 392 917 443 ·ῖ

192 528 196 537 ’
277 527 347 573 Patet·
361 525 477 583 adlegtuit
490 524 611 601 villicum,
624 527 790 594 uui-posceret

275 613 327 660 Sibi
342 613 407 659 istam
420 626 532 660 uxorem:
550 613 571 659 is
585 613 675 670 sperat,
698 614 715 659 si
728 615 758 661 eii
771 615 799 662 stt
813 617 881 669 data,

276 697 327 743 Sibi
342 697 390 743 fote
406 707 510 753 paratas,
533 699 594 744 tiam
610 712 723 753 uxorein,
747 684 855 748 encubius¹
868 686 937 748 uriel·

274 783 348 827 Filius
362 793 440 829 autem
455 783 596 839 armigerum
611 785 729 840 adiegauit
741 785 823 841 suum,
844 781 847 790 '

274 869 321 920 Qui
335 869 376 914 sibi
389 883 440 915 eam
455 882 550 915 uxorem
566 868 648 924 poscat.
679 869 737 923 stit,
751 869 769 915 st
783 871 808 916 id
819 871 945 929 impetret,

272 952 402 1008 Futurum,
418 956 570 1010 dundanae,
585 955 647 1001 intra
661 953 777 1010 praesepis
789 954 848 1001 suns.
876 970 878 977 ·

270 1040 338 1085 onr
352 1039 410 1085 senis
423 1039 491 1086 sensit
505 1039 582 1084 virum
595 1039 669 1085 umori
684 1052 781 1096 operam
795 1044 865 1099 date,
894 1076 896 1081 -
929 1058 931 1062 ·

268 1125 396 1180 Propterea
408 1139 454 1171 vna
465 1125 577 1172 consentit
590 1138 645 1171 tunt
657 1126 714 1172 sisio.

267 1209 313 1255 Ille
329 1220 407 1255 autem
422 1209 540 1265 postquam
553 1210 622 1257 sensit
633 1211 710 1257 filium
723 1210 797 1258 suunt·

267 1296 375 1341 Eandem
389 1294 453 1338 itum
469 1307 562 1348 amare,
585 1307 608 1342 et
623 1296 667 1343 esse
682 1297 852 1352 impedimento
866 1296 925 1353 fibi,

266 1383 329 1428 iiiuc
343 1380 512 1426 adoiescentetn
526 1392 622 1439 peregre
635 1382 753 1440 abiegauit
770 1392 843 1440 patet.
874 1404 890 1439 ·,

266 1469 347 1514 Sciens
361 1467 412 1517 eius
426 1476 500 1512 mater
513 1466 535 1513 ei
547 1467 587 1513 dat
599 1478 713 1522 operam,
735 1468 823 1515 absenti
838 1471 923 1517 iumen.

268 1556 307 1607 Is,
331 1569 361 1601 ne
376 1552 524 1609 exspettetie,
544 1551 613 1598 hodie
626 1552 650 1597 in
664 1552 709 1596 hac
720 1553 847 1599 comoedia
914 1602 916 1607 ,

265 1640 294 1684 ln
310 1641 388 1685 vrbem
402 1652 448 1686 nen
461 1638 560 1685 redibitt
590 1638 780 1683 PLAVTVS
802 1637 892 1683 noluit:

264 1725 363 1770 Pontem
378 1726 517 1781 interrupit,
538 1724 578 1780 qui
592 1733 643 1769 etat
655 1723 677 1768 ei
691 1721 715 1765 in
731 1721 822 1767 itinere.

265 1811 325 1854 Sunt
339 1810 392 1860 hic,
402 1869 404 1872 Α
416 1821 473 1866 quos
487 1812 571 1862 credo,
592 1822 655 1857 nunt
668 1810 729 1855 intet
742 1805 765 1851 se
779 1806 871 1853 dicere:

264 1876 366 1946 (Quaeso',
382 1893 475 1947 herde,
491 1897 547 1953 quid
560 1895 617 1942 istuc
630 1895 681 1941 esi?
700 1892 795 1938 seruiles
807 1893 923 1949 nuptiae!

262 1979 358 2025 Seiuine
371 1991 467 2026 uxorem
482 1981 581 2034 ducent,
600 1989 642 2026 eut
654 1979 749 2036 posteat
761 1980 825 2027 fibi?

261 2069 357 2113 Nouum
370 2067 513 2118 attuierunt,
530 2066 593 2122 quod
606 2063 634 2111 iit
646 2076 761 2123 nusquam
776 2068 889 2123 gentiunt.

260 2153 291 2197 At
305 2164 347 2207 ego
360 2151 411 2204 aio,
435 2153 480 2198 hoc
494 2151 544 2198 fieti
558 2152 583 2197 in
598 2151 697 2198 Graecia
709 2160 733 2198 et
747 2152 899 2211 Carthagini,

228 2258 232 2267 ι
259 2237 290 2281 Et
304 2238 341 2281 hic
355 2238 378 2281 in
394 2236 469 2281 nostra
482 2243 564 2288 tenta,
585 2235 610 2280 iu
624 2236 717 2291 Apulia.

259 2322 395 2378 Maioreque
410 2334 481 2377 opera
494 2322 526 2366 ibi
539 2320 636 2366 sttuiiet
648 2321 759 2377 nuptiae,

259 2408 334 2458 Quum
349 2406 457 2451 liberales
471 2405 558 2458 etiam,
574 2405 650 2461 tutati
662 2402 744 2452 soient.
760 2438 763 2443 -

257 2491 286 2537 id
298 2492 322 2535 ni
337 2490 379 2544 fit,
398 2504 491 2537 mecum
502 2491 603 2547 pignum
617 2488 637 2536 11
651 2489 702 2546 quit
716 2491 780 2543 voit,
802 2491 856 2538 dato
902 2516 904 2520 ·

255 2579 285 2623 In
300 2590 380 2622 venant
395 2577 480 2630 mulsi,
504 2577 609 2630 Poenus,
630 2577 689 2623 tium
702 2575 773 2621 iudex
785 2574 842 2627 fleu
909 2594 912 2603 ·

255 2664 301 2710 Vel
316 2663 418 2710 Graecus
432 2666 505 2717 adeo,
527 2663 565 2709 vel
574 2674 629 2711 mett
640 2663 709 2709 cause
722 2659 818 2717 Apulus.
855 2700 857 2705 .

254 2750 317 2803 Quid
331 2751 412 2796 nunc?
434 2750 493 2796 nihil
506 2750 589 2806 agitis,
609 2750 698 2797 sentio:
720 2760 790 2795 nemo
803 2745 857 2793 snit.

252 2837 369 2882 Reuorttt·
382 2835 490 2881 edissam
505 2833 795 2897 puettemenpofidnem,

251 2924 329 2975 Quam
343 2920 403 2968 serui
417 2919 509 2967 summa
522 2921 545 2967 vi
560 2919 602 2966 sibi
616 2932 713 2967 uxorem
727 2925 846 2975 expetunt
909 2979 911 2983 y

250 3006 286 3052 Ea
299 3005 471 3052 inuenieturet
485 3006 585 3061 pudice,
608 3014 633 3053 et
646 3006 734 3057 libert,

250 3091 358 3146 ingenua
370 3089 531 3136 Atheniensis:
557 3098 633 3147 neque
644 3088 771 3147 quidquam
784 3085 860 3144 stupet

248 3174 329 3221 Faciet
340 3173 442 3230 profesto
455 3174 480 3221 iu
492 3175 537 3221 iet
547 3173 644 3232 quidem
658 3173 793 3221 Comoedia.

249 3257 309 3304 Mox
320 3258 399 3305 hercle
412 3272 468 3322 tero
480 3260 546 3317 pusi,
566 3261 679 3308 uenuste
691 3257 798 3310 fabula,-

248 3346 394 3403 Argentum,
417 3346 436 3393 sn
451 3345 502 3404 quie
516 3344 619 3400 dederit,
641 3355 668 3392 vt
682 3354 725 3400 ego
738 3343 854 3401 sutpteoe,

247 3433 318 3480 Vltro
331 3432 375 3480 ibit
388 3441 503 3491 nuptum,
523 3438 570 3481 udu
584 3432 688 3479 mauebit
702 3429 813 3488 auspices.

246 3517 353 3563 Tantum
366 3516 403 3564 est
432 3519 523 3573 valete,
543 3520 604 3566 bene
615 3531 665 3565 tttn
677 3519 770 3579 gerite,
792 3525 816 3564 et
830 3514 914 3564 vincite

246 3600 340 3677 Virtute
353 3614 421 3658 vera,
445 3607 507 3662 quod
520 3605 602 3654 fecistis
613 3604 724 3653 aaudiat.

675 3679 705 3726 Μ
726 3690 742 3734 t
