<?xml version="1.0" encoding="UTF-8"?>
<!DOCTYPE html PUBLIC "-//W3C//DTD XHTML 1.0 Transitional//EN"
    "http://www.w3.org/TR/xhtml1/DTD/xhtml1-transitional.dtd">
<html xmlns="http://www.w3.org/1999/xhtml" xml:lang="en" lang="en">
 <head>
  <title>
</title>
<meta http-equiv="Content-Type" content="text/html;charset=utf-8" />
  <meta name='ocr-system' content='tesseract 3.04.00' />
  <meta name='ocr-capabilities' content='ocr_page ocr_carea ocr_par ocr_line ocrx_word'/>
</head>
<body>
  <div class='ocr_page' id='page_1' title='image "./macciiplavticom01conggoog_0158.png"; bbox 0 0 2767 4384; ppageno 0'>
   <div class='ocr_carea' id='block_1_1' title="bbox 219 380 903 461">
    <p class='ocr_par' dir='ltr' id='par_1_1' title="bbox 219 380 903 461">
     <span class='ocr_line' id='line_1_1' title="bbox 219 380 903 461; baseline 0 -18"><span class='ocrx_word' id='word_1_1' title='bbox 219 396 221 401; x_wconf 94' lang='lat'>·</span> <span class='ocrx_word' id='word_1_2' title='bbox 275 391 344 461; x_wconf 90' lang='lat'>140</span> <span class='ocrx_word' id='word_1_3' title='bbox 502 388 546 440; x_wconf 79' lang='lat' dir='ltr'>ua.</span> <span class='ocrx_word' id='word_1_4' title='bbox 571 387 699 441; x_wconf 76' lang='lat' dir='ltr'>Accu</span> <span class='ocrx_word' id='word_1_5' title='bbox 723 380 903 443; x_wconf 69' lang='lat' dir='ltr'>ausum</span> 
     </span>
    </p>
   </div>
   <div class='ocr_carea' id='block_1_2' title="bbox 265 527 1148 924">
    <p class='ocr_par' dir='ltr' id='par_1_2' title="bbox 267 527 975 582">
     <span class='ocr_line' id='line_1_2' title="bbox 267 527 975 582; baseline -0.003 -4"><span class='ocrx_word' id='word_1_6' title='bbox 267 533 319 579; x_wconf 86' lang='lat' dir='ltr'>lllic</span> <span class='ocrx_word' id='word_1_7' title='bbox 332 529 423 577; x_wconf 85' lang='lat' dir='ltr'>seruum</span> <span class='ocrx_word' id='word_1_8' title='bbox 436 527 459 574; x_wconf 86' lang='lat' dir='ltr'>se</span> <span class='ocrx_word' id='word_1_9' title='bbox 473 527 640 582; x_wconf 73' lang='lat' dir='ltr'>eunuchum,</span> <span class='ocrx_word' id='word_1_10' title='bbox 661 529 701 575; x_wconf 85' lang='lat' dir='ltr'>hic</span> <span class='ocrx_word' id='word_1_11' title='bbox 713 528 758 576; x_wconf 85' lang='lat' dir='ltr'>sese</span> <span class='ocrx_word' id='word_1_12' title='bbox 772 536 851 576; x_wconf 87' lang='lat' dir='ltr'>autem</span> <span class='ocrx_word' id='word_1_13' title='bbox 865 527 975 577; x_wconf 80' lang='lat' dir='ltr'>liberum.</span> 
     </span>
    </p>

    <p class='ocr_par' dir='ltr' id='par_1_3' title="bbox 266 606 839 670">
     <span class='ocr_line' id='line_1_3' title="bbox 266 606 839 670; baseline -0.01 -7"><span class='ocrx_word' id='word_1_14' title='bbox 266 615 382 664; x_wconf 87' lang='lat' dir='ltr'>Nucleum</span> <span class='ocrx_word' id='word_1_15' title='bbox 397 606 477 665; x_wconf 79' lang='lat' dir='ltr'>amifi,</span> <span class='ocrx_word' id='word_1_16' title='bbox 497 612 592 668; x_wconf 84' lang='lat' dir='ltr'>reliquit</span> <span class='ocrx_word' id='word_1_17' title='bbox 606 611 696 669; x_wconf 82' lang='lat' dir='ltr'>pigneri</span> <span class='ocrx_word' id='word_1_18' title='bbox 710 613 839 670; x_wconf 80' lang='lat' dir='ltr'><strong>putamina.</strong></span> 
     </span>
    </p>

    <p class='ocr_par' dir='ltr' id='par_1_4' title="bbox 265 695 961 748">
     <span class='ocr_line' id='line_1_4' title="bbox 265 695 961 748; baseline -0.007 0"><span class='ocrx_word' id='word_1_19' title='bbox 265 700 303 748; x_wconf 79' lang='lat' dir='ltr'>ltu</span> <span class='ocrx_word' id='word_1_20' title='bbox 316 699 374 745; x_wconf 85' lang='lat' dir='ltr'>mihi</span> <span class='ocrx_word' id='word_1_21' title='bbox 387 698 468 744; x_wconf 86' lang='lat' dir='ltr'>stuiidu</span> <span class='ocrx_word' id='word_1_22' title='bbox 481 695 568 744; x_wconf 86' lang='lat' dir='ltr'>sursum</span> <span class='ocrx_word' id='word_1_23' title='bbox 582 696 675 742; x_wconf 84' lang='lat' dir='ltr'><strong>vorsum</strong></span> <span class='ocrx_word' id='word_1_24' title='bbox 688 709 714 742; x_wconf 83' lang='lat' dir='ltr'>uc</span> <span class='ocrx_word' id='word_1_25' title='bbox 728 696 846 743; x_wconf 83' lang='lat' dir='ltr'>subieuere</span> <span class='ocrx_word' id='word_1_26' title='bbox 860 696 961 743; x_wconf 69' lang='lat' dir='ltr'>offudis</span> 
     </span>
    </p>

    <p class='ocr_par' dir='ltr' id='par_1_5' title="bbox 265 780 1148 924">
     <span class='ocr_line' id='line_1_5' title="bbox 265 780 1146 839; baseline -0.003 -9"><span class='ocrx_word' id='word_1_27' title='bbox 265 783 418 839; x_wconf 66' lang='lat' dir='ltr'>{sicquidem</span> <span class='ocrx_word' id='word_1_28' title='bbox 432 794 470 828; x_wconf 89' lang='lat' dir='ltr'>me</span> <span class='ocrx_word' id='word_1_29' title='bbox 484 792 612 837; x_wconf 86' lang='lat' dir='ltr'>numquam</span> <span class='ocrx_word' id='word_1_30' title='bbox 626 780 738 827; x_wconf 79' lang='lat' dir='ltr'>irridebit</span> <span class='ocrx_word' id='word_1_31' title='bbox 774 780 891 835; x_wconf 80' lang='lat' dir='ltr'>culauhe,</span> <span class='ocrx_word' id='word_1_32' title='bbox 905 780 1036 836; x_wconf 71' lang='lat' dir='ltr'>curculio.</span> <span class='ocrx_word' id='word_1_33' title='bbox 1051 781 1146 839; x_wconf 75' lang='lat' dir='ltr'>Cum,</span> 
     </span>
     <span class='ocr_line' id='line_1_6' title="bbox 265 862 1148 924; baseline -0.001 -8"><span class='ocrx_word' id='word_1_34' title='bbox 265 868 302 916; x_wconf 87' lang='lat' dir='ltr'>Ite</span> <span class='ocrx_word' id='word_1_35' title='bbox 316 865 396 922; x_wconf 73' lang='lat' dir='ltr'>istinc,</span> <span class='ocrx_word' id='word_1_36' title='bbox 411 873 480 924; x_wconf 79' lang='lat' dir='ltr'>acque</span> <span class='ocrx_word' id='word_1_37' title='bbox 494 864 575 913; x_wconf 80' lang='lat' dir='ltr'>effecte</span> <span class='ocrx_word' id='word_1_38' title='bbox 586 865 643 911; x_wconf 85' lang='lat' dir='ltr'><strong>iura.</strong></span> <span class='ocrx_word' id='word_1_39' title='bbox 674 866 722 910; x_wconf 69' lang='lat' dir='ltr'>sar.</span> <span class='ocrx_word' id='word_1_40' title='bbox 737 875 794 911; x_wconf 90' lang='lat' dir='ltr'>uum</span> <span class='ocrx_word' id='word_1_41' title='bbox 807 862 924 920; x_wconf 81' lang='lat' dir='ltr'>lignatum</span> <span class='ocrx_word' id='word_1_42' title='bbox 937 862 1085 913; x_wconf 71' lang='lat' dir='ltr'>mittimur?</span> <span class='ocrx_word' id='word_1_43' title='bbox 1099 876 1148 923; x_wconf 68' lang='grc' dir='ltr'>ηε</span> 
     </span>
    </p>
   </div>
   <div class='ocr_carea' id='block_1_3' title="bbox 408 1024 995 1086">
    <p class='ocr_par' dir='ltr' id='par_1_6' title="bbox 408 1024 995 1086">
     <span class='ocr_line' id='line_1_7' title="bbox 408 1024 995 1086; baseline -0.005 -3"><span class='ocrx_word' id='word_1_44' title='bbox 408 1024 570 1086; x_wconf 85' lang='lat' dir='ltr'>ACTVS</span> <span class='ocrx_word' id='word_1_45' title='bbox 609 1026 681 1083; x_wconf 82' lang='grc' dir='ltr'><strong>ΙΙΙ.</strong></span> <span class='ocrx_word' id='word_1_46' title='bbox 751 1024 914 1081; x_wconf 84' lang='lat' dir='ltr'><strong>SCENA</strong></span> <span class='ocrx_word' id='word_1_47' title='bbox 950 1026 995 1084; x_wconf 84' lang='lat' dir='ltr'>V.</span> 
     </span>
    </p>
   </div>
   <div class='ocr_carea' id='block_1_4' title="bbox 292 1128 1116 1218">
    <p class='ocr_par' dir='ltr' id='par_1_7' title="bbox 292 1128 1116 1218">
     <span class='ocr_line' id='line_1_8' title="bbox 292 1128 1116 1218; baseline 0.006 -10"><span class='ocrx_word' id='word_1_48' title='bbox 292 1162 439 1218; x_wconf 70' lang='lat' dir='ltr'>aecio,</span> <span class='ocrx_word' id='word_1_49' title='bbox 472 1128 711 1216; x_wconf 63' lang='lat' dir='ltr'>caumes,</span> <span class='ocrx_word' id='word_1_50' title='bbox 739 1159 1116 1213; x_wconf 63' lang='lat' dir='ltr'>maicroeuoures</span> 
     </span>
    </p>
   </div>
   <div class='ocr_carea' id='block_1_5' title="bbox 241 1231 1137 3675">
    <p class='ocr_par' dir='ltr' id='par_1_8' title="bbox 262 1231 680 1319">
     <span class='ocr_line' id='line_1_9' title="bbox 262 1231 680 1319; baseline 0.002 -12"><span class='ocrx_word' id='word_1_51' title='bbox 262 1231 359 1308; x_wconf 81' lang='lat' dir='ltr'>Insicite</span> <span class='ocrx_word' id='word_1_52' title='bbox 370 1261 426 1307; x_wconf 87' lang='lat' dir='ltr'>huic</span> <span class='ocrx_word' id='word_1_53' title='bbox 438 1261 542 1307; x_wconf 79' lang='lat' dir='ltr'>manicas</span> <span class='ocrx_word' id='word_1_54' title='bbox 556 1261 680 1319; x_wconf 74' lang='lat' dir='ltr'>mastigiae.</span> 
     </span>
    </p>

    <p class='ocr_par' dir='ltr' id='par_1_9' title="bbox 262 1343 1096 1487">
     <span class='ocr_line' id='line_1_10' title="bbox 266 1343 1096 1407; baseline 0.006 -16"><span class='ocrx_word' id='word_1_55' title='bbox 266 1345 331 1402; x_wconf 65' lang='lat' dir='ltr'>Tm</span> <span class='ocrx_word' id='word_1_56' title='bbox 355 1347 416 1399; x_wconf 80' lang='lat' dir='ltr'>Quid</span> <span class='ocrx_word' id='word_1_57' title='bbox 429 1347 473 1392; x_wconf 86' lang='lat' dir='ltr'>huc</span> <span class='ocrx_word' id='word_1_58' title='bbox 486 1343 518 1389; x_wconf 86' lang='lat' dir='ltr'>est</span> <span class='ocrx_word' id='word_1_59' title='bbox 531 1344 640 1401; x_wconf 76' lang='lat' dir='ltr'>negotii?</span> <span class='ocrx_word' id='word_1_60' title='bbox 668 1343 725 1402; x_wconf 84' lang='lat' dir='ltr'>quid</span> <span class='ocrx_word' id='word_1_61' title='bbox 737 1356 780 1403; x_wconf 78' lang='lat' dir='ltr'>ego</span> <span class='ocrx_word' id='word_1_62' title='bbox 793 1344 900 1402; x_wconf 75' lang='lat' dir='ltr'>deliqui?</span> <span class='ocrx_word' id='word_1_63' title='bbox 927 1345 985 1405; x_wconf 71' lang='grc' dir='ltr'>Ηιι.</span> <span class='ocrx_word' id='word_1_64' title='bbox 1000 1349 1096 1407; x_wconf 63' lang='lat' dir='ltr'>tons?</span> 
     </span>
     <span class='ocr_line' id='line_1_11' title="bbox 262 1427 943 1487; baseline -0.006 -10"><span class='ocrx_word' id='word_1_65' title='bbox 262 1430 329 1479; x_wconf 70' lang='lat' dir='ltr'>datur</span> <span class='ocrx_word' id='word_1_66' title='bbox 342 1429 459 1487; x_wconf 79' lang='lat' dir='ltr'>sartorque</span> <span class='ocrx_word' id='word_1_67' title='bbox 472 1427 601 1480; x_wconf 86' lang='lat' dir='ltr'>sceletum,</span> <span class='ocrx_word' id='word_1_68' title='bbox 625 1435 649 1473; x_wconf 84' lang='lat' dir='ltr'>at</span> <span class='ocrx_word' id='word_1_69' title='bbox 659 1428 744 1475; x_wconf 80' lang='lat' dir='ltr'>messor</span> <span class='ocrx_word' id='word_1_70' title='bbox 756 1442 876 1477; x_wconf 81' lang='lat' dir='ltr'>maxume.</span> <span class='ocrx_word' id='word_1_71' title='bbox 941 1468 943 1473; x_wconf 93' lang='lat'><em>.</em></span> 
     </span>
    </p>

    <p class='ocr_par' dir='ltr' id='par_1_10' title="bbox 265 1512 849 1571">
     <span class='ocr_line' id='line_1_12' title="bbox 265 1512 849 1571; baseline 0 -12"><span class='ocrx_word' id='word_1_72' title='bbox 265 1515 331 1571; x_wconf 62' lang='lat' dir='ltr'>ned.</span> <span class='ocrx_word' id='word_1_73' title='bbox 352 1515 405 1560; x_wconf 88' lang='lat' dir='ltr'>Non</span> <span class='ocrx_word' id='word_1_74' title='bbox 419 1519 548 1558; x_wconf 77' lang='lat' dir='ltr'>occatorem</span> <span class='ocrx_word' id='word_1_75' title='bbox 562 1512 637 1559; x_wconf 78' lang='lat' dir='ltr'>dicere</span> <span class='ocrx_word' id='word_1_76' title='bbox 651 1515 752 1559; x_wconf 78' lang='lat' dir='ltr'><strong>audebas</strong></span> <span class='ocrx_word' id='word_1_77' title='bbox 765 1513 849 1568; x_wconf 76' lang='lat' dir='ltr'>prius?</span> 
     </span>
    </p>

    <p class='ocr_par' dir='ltr' id='par_1_11' title="bbox 260 1595 908 1654">
     <span class='ocr_line' id='line_1_13' title="bbox 260 1595 908 1654; baseline -0.002 -9"><span class='ocrx_word' id='word_1_78' title='bbox 260 1599 323 1645; x_wconf 83' lang='lat' dir='ltr'>Nam</span> <span class='ocrx_word' id='word_1_79' title='bbox 337 1597 427 1653; x_wconf 76' lang='lat' dir='ltr'>semper</span> <span class='ocrx_word' id='word_1_80' title='bbox 440 1595 613 1653; x_wconf 67' lang='lat' dir='ltr'>maccusius,</span> <span class='ocrx_word' id='word_1_81' title='bbox 629 1609 700 1654; x_wconf 82' lang='lat' dir='ltr'>quum</span> <span class='ocrx_word' id='word_1_82' title='bbox 711 1596 813 1644; x_wconf 81' lang='lat' dir='ltr'>serrium</span> <span class='ocrx_word' id='word_1_83' title='bbox 824 1596 908 1644; x_wconf 82' lang='lat' dir='ltr'>mfflcs.</span> 
     </span>
    </p>

    <p class='ocr_par' dir='ltr' id='par_1_12' title="bbox 260 1678 877 1740">
     <span class='ocr_line' id='line_1_14' title="bbox 260 1678 877 1740; baseline -0.003 -12"><span class='ocrx_word' id='word_1_84' title='bbox 260 1683 315 1740; x_wconf 80' lang='lat' dir='ltr'>Heg.</span> <span class='ocrx_word' id='word_1_85' title='bbox 350 1683 398 1734; x_wconf 78' lang='lat' dir='ltr'>Ac,</span> <span class='ocrx_word' id='word_1_86' title='bbox 421 1689 447 1727; x_wconf 89' lang='lat' dir='ltr'>vt</span> <span class='ocrx_word' id='word_1_87' title='bbox 459 1678 602 1727; x_wconf 81' lang='lat' dir='ltr'>confidenter</span> <span class='ocrx_word' id='word_1_88' title='bbox 614 1680 673 1726; x_wconf 85' lang='lat' dir='ltr'>mihi</span> <span class='ocrx_word' id='word_1_89' title='bbox 686 1689 766 1728; x_wconf 85' lang='lat' dir='ltr'>ccutra</span> <span class='ocrx_word' id='word_1_90' title='bbox 778 1681 877 1729; x_wconf 78' lang='lat' dir='ltr'>adstitit!</span> 
     </span>
    </p>

    <p class='ocr_par' dir='ltr' id='par_1_13' title="bbox 259 1756 930 1906">
     <span class='ocr_line' id='line_1_15' title="bbox 263 1756 915 1822; baseline 0.006 -12"><span class='ocrx_word' id='word_1_91' title='bbox 263 1765 329 1822; x_wconf 77' lang='lat' dir='ltr'>Tyud</span> <span class='ocrx_word' id='word_1_92' title='bbox 351 1764 424 1812; x_wconf 83' lang='lat' dir='ltr'>Decet</span> <span class='ocrx_word' id='word_1_93' title='bbox 444 1765 593 1813; x_wconf 74' lang='lat' dir='ltr'>innocentem</span> <span class='ocrx_word' id='word_1_94' title='bbox 607 1764 698 1813; x_wconf 87' lang='lat' dir='ltr'>seruum</span> <span class='ocrx_word' id='word_1_95' title='bbox 712 1773 781 1822; x_wconf 80' lang='lat' dir='ltr'>atque</span> <span class='ocrx_word' id='word_1_96' title='bbox 792 1756 915 1814; x_wconf 82' lang='lat' dir='ltr'>innoxium</span> 
     </span>
     <span class='ocr_line' id='line_1_16' title="bbox 259 1848 930 1906; baseline -0.003 -8"><span class='ocrx_word' id='word_1_97' title='bbox 259 1849 422 1898; x_wconf 76' lang='lat' dir='ltr'>confidentem</span> <span class='ocrx_word' id='word_1_98' title='bbox 436 1848 497 1903; x_wconf 78' lang='lat' dir='ltr'>eise,</span> <span class='ocrx_word' id='word_1_99' title='bbox 520 1848 588 1896; x_wconf 90' lang='lat' dir='ltr'>suum</span> <span class='ocrx_word' id='word_1_100' title='bbox 606 1850 667 1906; x_wconf 84' lang='lat' dir='ltr'>apud</span> <span class='ocrx_word' id='word_1_101' title='bbox 681 1852 765 1897; x_wconf 84' lang='lat' dir='ltr'>herum</span> <span class='ocrx_word' id='word_1_102' title='bbox 779 1849 930 1906; x_wconf 78' lang='lat' dir='ltr'>potissimum.</span> 
     </span>
    </p>

    <p class='ocr_par' dir='ltr' id='par_1_14' title="bbox 241 1932 884 1992">
     <span class='ocr_line' id='line_1_17' title="bbox 241 1932 884 1992; baseline -0.005 -11"><span class='ocrx_word' id='word_1_103' title='bbox 241 1935 314 1992; x_wconf 49' lang='grc' dir='ltr'>,Πομ</span> <span class='ocrx_word' id='word_1_104' title='bbox 349 1935 486 1991; x_wconf 77' lang='lat' dir='ltr'>Adstringite</span> <span class='ocrx_word' id='word_1_105' title='bbox 501 1933 536 1980; x_wconf 85' lang='lat' dir='ltr'>isti</span> <span class='ocrx_word' id='word_1_106' title='bbox 550 1932 615 1980; x_wconf 84' lang='lat' dir='ltr'>sultis</span> <span class='ocrx_word' id='word_1_107' title='bbox 630 1933 781 1979; x_wconf 82' lang='lat' dir='ltr'>vehementer</span> <span class='ocrx_word' id='word_1_108' title='bbox 794 1945 884 1979; x_wconf 79' lang='lat' dir='ltr'>mancus.</span> 
     </span>
    </p>

    <p class='ocr_par' dir='ltr' id='par_1_15' title="bbox 258 2015 1137 2159">
     <span class='ocr_line' id='line_1_18' title="bbox 262 2015 1137 2074; baseline -0.001 -11"><span class='ocrx_word' id='word_1_109' title='bbox 262 2018 328 2074; x_wconf 61' lang='lat' dir='ltr'>aym</span> <span class='ocrx_word' id='word_1_110' title='bbox 351 2016 499 2069; x_wconf 71' lang='lat' dir='ltr'>Tuncrum,</span> <span class='ocrx_word' id='word_1_111' title='bbox 513 2025 565 2063; x_wconf 82' lang='lat' dir='ltr'>tuac</span> <span class='ocrx_word' id='word_1_112' title='bbox 579 2016 673 2073; x_wconf 83' lang='lat' dir='ltr'>quidem</span> <span class='ocrx_word' id='word_1_113' title='bbox 687 2015 725 2061; x_wconf 84' lang='lat' dir='ltr'>uel</span> <span class='ocrx_word' id='word_1_114' title='bbox 739 2015 838 2071; x_wconf 79' lang='lat' dir='ltr'>praecidi</span> <span class='ocrx_word' id='word_1_115' title='bbox 851 2017 913 2063; x_wconf 80' lang='lat' dir='ltr'>iube.</span> <span class='ocrx_word' id='word_1_116' title='bbox 1107 2030 1137 2069; x_wconf 74' lang='grc' dir='ltr'>ιο</span> 
     </span>
     <span class='ocr_line' id='line_1_19' title="bbox 258 2098 938 2159; baseline -0.003 -10"><span class='ocrx_word' id='word_1_117' title='bbox 258 2102 304 2157; x_wconf 86' lang='lat' dir='ltr'>Sed</span> <span class='ocrx_word' id='word_1_118' title='bbox 319 2101 374 2158; x_wconf 85' lang='lat' dir='ltr'>quid</span> <span class='ocrx_word' id='word_1_119' title='bbox 389 2100 475 2159; x_wconf 82' lang='lat' dir='ltr'>negotii</span> <span class='ocrx_word' id='word_1_120' title='bbox 489 2100 536 2154; x_wconf 79' lang='lat' dir='ltr'>eit,</span> <span class='ocrx_word' id='word_1_121' title='bbox 558 2100 709 2157; x_wconf 84' lang='lat' dir='ltr'>quamobrem</span> <span class='ocrx_word' id='word_1_122' title='bbox 731 2098 845 2147; x_wconf 82' lang='lat' dir='ltr'>succenses</span> <span class='ocrx_word' id='word_1_123' title='bbox 859 2100 938 2147; x_wconf 75' lang='lat' dir='ltr'>mihi?</span> 
     </span>
    </p>

    <p class='ocr_par' dir='ltr' id='par_1_16' title="bbox 257 2182 964 2243">
     <span class='ocr_line' id='line_1_20' title="bbox 257 2182 964 2243; baseline 0.003 -13"><span class='ocrx_word' id='word_1_124' title='bbox 257 2187 313 2243; x_wconf 73' lang='lat' dir='ltr'>fleg.</span> <span class='ocrx_word' id='word_1_125' title='bbox 348 2182 409 2238; x_wconf 84' lang='lat' dir='ltr'>Quia</span> <span class='ocrx_word' id='word_1_126' title='bbox 422 2197 461 2230; x_wconf 86' lang='lat' dir='ltr'>me</span> <span class='ocrx_word' id='word_1_127' title='bbox 475 2196 598 2241; x_wconf 87' lang='lat' dir='ltr'>meamque</span> <span class='ocrx_word' id='word_1_128' title='bbox 612 2196 678 2237; x_wconf 85' lang='lat' dir='ltr'>rem,</span> <span class='ocrx_word' id='word_1_129' title='bbox 696 2185 758 2242; x_wconf 85' lang='lat' dir='ltr'>quud</span> <span class='ocrx_word' id='word_1_130' title='bbox 769 2184 795 2231; x_wconf 90' lang='lat' dir='ltr'>iu</span> <span class='ocrx_word' id='word_1_131' title='bbox 807 2192 831 2232; x_wconf 83' lang='lat' dir='ltr'>te</span> <span class='ocrx_word' id='word_1_132' title='bbox 845 2197 891 2231; x_wconf 85' lang='lat' dir='ltr'>uuo</span> <span class='ocrx_word' id='word_1_133' title='bbox 903 2183 964 2239; x_wconf 86' lang='lat' dir='ltr'>suit.</span> 
     </span>
    </p>

    <p class='ocr_par' dir='ltr' id='par_1_17' title="bbox 258 2266 662 2316">
     <span class='ocr_line' id='line_1_21' title="bbox 258 2266 662 2316; baseline -0.005 -1"><span class='ocrx_word' id='word_1_134' title='bbox 258 2269 318 2316; x_wconf 87' lang='lat' dir='ltr'>Tuis</span> <span class='ocrx_word' id='word_1_135' title='bbox 331 2269 427 2315; x_wconf 84' lang='lat' dir='ltr'>scelestis</span> <span class='ocrx_word' id='word_1_136' title='bbox 441 2267 548 2314; x_wconf 68' lang='lat' dir='ltr'>falsidicis</span> <span class='ocrx_word' id='word_1_137' title='bbox 565 2266 662 2315; x_wconf 83' lang='lat' dir='ltr'>fallaciis</span> 
     </span>
    </p>

    <p class='ocr_par' dir='ltr' id='par_1_18' title="bbox 256 2353 728 2411">
     <span class='ocr_line' id='line_1_22' title="bbox 256 2353 728 2411; baseline 0 -10"><span class='ocrx_word' id='word_1_138' title='bbox 256 2353 437 2407; x_wconf 84' lang='lat' dir='ltr'>Deiacerauisti‚</span> <span class='ocrx_word' id='word_1_139' title='bbox 459 2353 651 2410; x_wconf 84' lang='lat' dir='ltr'>deartuauistique</span> <span class='ocrx_word' id='word_1_140' title='bbox 665 2365 728 2411; x_wconf 75' lang='lat' dir='ltr'>opes.</span> 
     </span>
    </p>

    <p class='ocr_par' dir='ltr' id='par_1_19' title="bbox 256 2438 762 2486">
     <span class='ocr_line' id='line_1_23' title="bbox 256 2438 762 2486; baseline -0.002 0"><span class='ocrx_word' id='word_1_141' title='bbox 256 2438 377 2486; x_wconf 78' lang='lat' dir='ltr'>confecisti</span> <span class='ocrx_word' id='word_1_142' title='bbox 392 2450 473 2484; x_wconf 86' lang='lat' dir='ltr'>omues</span> <span class='ocrx_word' id='word_1_143' title='bbox 484 2450 521 2484; x_wconf 84' lang='lat' dir='ltr'>res</span> <span class='ocrx_word' id='word_1_144' title='bbox 535 2449 562 2484; x_wconf 86' lang='lat' dir='ltr'>ac</span> <span class='ocrx_word' id='word_1_145' title='bbox 574 2438 675 2485; x_wconf 84' lang='lat' dir='ltr'>tationes</span> <span class='ocrx_word' id='word_1_146' title='bbox 689 2450 762 2485; x_wconf 85' lang='lat' dir='ltr'>meas.</span> 
     </span>
    </p>

    <p class='ocr_par' dir='ltr' id='par_1_20' title="bbox 255 2520 736 2569">
     <span class='ocr_line' id='line_1_24' title="bbox 255 2520 736 2569; baseline -0.004 0"><span class='ocrx_word' id='word_1_147' title='bbox 255 2522 293 2569; x_wconf 80' lang='lat' dir='ltr'>lte</span> <span class='ocrx_word' id='word_1_148' title='bbox 304 2524 337 2569; x_wconf 88' lang='lat' dir='ltr'>mi</span> <span class='ocrx_word' id='word_1_149' title='bbox 352 2522 454 2568; x_wconf 82' lang='lat' dir='ltr'>exemisti</span> <span class='ocrx_word' id='word_1_150' title='bbox 468 2522 621 2568; x_wconf 80' lang='lat' dir='ltr'>Philocratem</span> <span class='ocrx_word' id='word_1_151' title='bbox 632 2520 736 2567; x_wconf 78' lang='lat' dir='ltr'>fallaciis.</span> 
     </span>
    </p>

    <p class='ocr_par' dir='ltr' id='par_1_21' title="bbox 255 2604 768 2657">
     <span class='ocr_line' id='line_1_25' title="bbox 255 2604 768 2657; baseline -0.004 -4"><span class='ocrx_word' id='word_1_152' title='bbox 255 2605 326 2653; x_wconf 86' lang='lat' dir='ltr'>lilum</span> <span class='ocrx_word' id='word_1_153' title='bbox 338 2605 383 2651; x_wconf 85' lang='lat' dir='ltr'>eise</span> <span class='ocrx_word' id='word_1_154' title='bbox 396 2606 486 2651; x_wconf 69' lang='lat' dir='ltr'>ictuum</span> <span class='ocrx_word' id='word_1_155' title='bbox 500 2604 602 2657; x_wconf 84' lang='lat' dir='ltr'>credidi,</span> <span class='ocrx_word' id='word_1_156' title='bbox 622 2612 646 2650; x_wconf 85' lang='lat' dir='ltr'>te</span> <span class='ocrx_word' id='word_1_157' title='bbox 659 2604 768 2651; x_wconf 82' lang='lat' dir='ltr'>libemm.</span> 
     </span>
    </p>

    <p class='ocr_par' dir='ltr' id='par_1_22' title="bbox 254 2686 727 2743">
     <span class='ocr_line' id='line_1_26' title="bbox 254 2686 727 2743; baseline -0.002 -8"><span class='ocrx_word' id='word_1_158' title='bbox 254 2688 291 2735; x_wconf 85' lang='lat' dir='ltr'>lta</span> <span class='ocrx_word' id='word_1_159' title='bbox 304 2697 394 2735; x_wconf 86' lang='lat' dir='ltr'>vosmet</span> <span class='ocrx_word' id='word_1_160' title='bbox 408 2687 518 2740; x_wconf 86' lang='lat' dir='ltr'>aiebatis,</span> <span class='ocrx_word' id='word_1_161' title='bbox 539 2686 617 2743; x_wconf 89' lang='lat' dir='ltr'>itaque</span> <span class='ocrx_word' id='word_1_162' title='bbox 631 2688 727 2734; x_wconf 78' lang='lat' dir='ltr'>numina</span> 
     </span>
    </p>

    <p class='ocr_par' dir='ltr' id='par_1_23' title="bbox 253 2770 828 2828">
     <span class='ocr_line' id='line_1_27' title="bbox 253 2770 828 2828; baseline 0 -10"><span class='ocrx_word' id='word_1_163' title='bbox 253 2773 317 2818; x_wconf 82' lang='lat' dir='ltr'>luter</span> <span class='ocrx_word' id='word_1_164' title='bbox 330 2785 371 2818; x_wconf 88' lang='lat' dir='ltr'>vus</span> <span class='ocrx_word' id='word_1_165' title='bbox 382 2772 534 2828; x_wconf 74' lang='lat' dir='ltr'>permutatus.</span> <span class='ocrx_word' id='word_1_166' title='bbox 566 2772 631 2828; x_wconf 78' lang='lat' dir='ltr'>Tyud</span> <span class='ocrx_word' id='word_1_167' title='bbox 644 2770 733 2825; x_wconf 81' lang='lat' dir='ltr'>fateor,</span> <span class='ocrx_word' id='word_1_168' title='bbox 748 2772 828 2819; x_wconf 79' lang='lat' dir='ltr'>omnic</span> 
     </span>
    </p>

    <p class='ocr_par' dir='ltr' id='par_1_24' title="bbox 253 2856 794 2910">
     <span class='ocr_line' id='line_1_28' title="bbox 253 2856 794 2910; baseline 0.004 -9"><span class='ocrx_word' id='word_1_169' title='bbox 253 2856 322 2903; x_wconf 75' lang='lat' dir='ltr'>susm</span> <span class='ocrx_word' id='word_1_170' title='bbox 332 2856 377 2903; x_wconf 80' lang='lat' dir='ltr'>esse</span> <span class='ocrx_word' id='word_1_171' title='bbox 391 2857 438 2910; x_wconf 86' lang='lat' dir='ltr'>ita,</span> <span class='ocrx_word' id='word_1_172' title='bbox 453 2865 479 2902; x_wconf 88' lang='lat' dir='ltr'>vt</span> <span class='ocrx_word' id='word_1_173' title='bbox 492 2864 517 2903; x_wconf 87' lang='lat' dir='ltr'>tu</span> <span class='ocrx_word' id='word_1_174' title='bbox 532 2857 604 2909; x_wconf 87' lang='lat' dir='ltr'>dicis,</span> <span class='ocrx_word' id='word_1_175' title='bbox 619 2866 643 2902; x_wconf 88' lang='lat' dir='ltr'>et</span> <span class='ocrx_word' id='word_1_176' title='bbox 655 2856 753 2903; x_wconf 81' lang='lat' dir='ltr'>fallaciis</span> <span class='ocrx_word' id='word_1_177' title='bbox 792 2890 794 2895; x_wconf 86' lang='lat'>-</span> 
     </span>
    </p>

    <p class='ocr_par' dir='ltr' id='par_1_25' title="bbox 253 2939 854 2998">
     <span class='ocr_line' id='line_1_29' title="bbox 253 2939 854 2998; baseline 0.005 -14"><span class='ocrx_word' id='word_1_178' title='bbox 253 2939 337 2986; x_wconf 81' lang='lat' dir='ltr'>sibiiise</span> <span class='ocrx_word' id='word_1_179' title='bbox 352 2956 405 2988; x_wconf 85' lang='lat' dir='ltr'>eum</span> <span class='ocrx_word' id='word_1_180' title='bbox 420 2943 460 2987; x_wconf 86' lang='lat' dir='ltr'>abs</span> <span class='ocrx_word' id='word_1_181' title='bbox 474 2950 511 2996; x_wconf 87' lang='lat' dir='ltr'>te,</span> <span class='ocrx_word' id='word_1_182' title='bbox 529 2955 583 2987; x_wconf 88' lang='lat' dir='ltr'>mea</span> <span class='ocrx_word' id='word_1_183' title='bbox 595 2953 665 2996; x_wconf 76' lang='lat' dir='ltr'>opera</span> <span class='ocrx_word' id='word_1_184' title='bbox 679 2950 747 2998; x_wconf 81' lang='lat' dir='ltr'>atque</span> <span class='ocrx_word' id='word_1_185' title='bbox 759 2941 854 2988; x_wconf 84' lang='lat' dir='ltr'>astutia:</span> 
     </span>
    </p>

    <p class='ocr_par' dir='ltr' id='par_1_26' title="bbox 252 3022 889 3077">
     <span class='ocr_line' id='line_1_30' title="bbox 252 3022 889 3077; baseline 0.008 -8"><span class='ocrx_word' id='word_1_186' title='bbox 252 3022 305 3076; x_wconf 73' lang='lat' dir='ltr'>du,</span> <span class='ocrx_word' id='word_1_187' title='bbox 319 3024 412 3071; x_wconf 85' lang='lat' dir='ltr'>obsecro</span> <span class='ocrx_word' id='word_1_188' title='bbox 425 3026 502 3072; x_wconf 85' lang='lat' dir='ltr'>hercle</span> <span class='ocrx_word' id='word_1_189' title='bbox 516 3032 554 3077; x_wconf 84' lang='lat' dir='ltr'>te,</span> <span class='ocrx_word' id='word_1_190' title='bbox 568 3025 593 3071; x_wconf 91' lang='lat' dir='ltr'>id</span> <span class='ocrx_word' id='word_1_191' title='bbox 607 3037 667 3071; x_wconf 86' lang='lat' dir='ltr'>nuuc</span> <span class='ocrx_word' id='word_1_192' title='bbox 679 3024 794 3073; x_wconf 86' lang='lat' dir='ltr'>succenses</span> <span class='ocrx_word' id='word_1_193' title='bbox 808 3026 889 3074; x_wconf 71' lang='lat' dir='ltr'>mciii!</span> 
     </span>
    </p>

    <p class='ocr_par' dir='ltr' id='par_1_27' title="bbox 252 3108 918 3164">
     <span class='ocr_line' id='line_1_31' title="bbox 252 3108 918 3164; baseline 0.011 -13"><span class='ocrx_word' id='word_1_194' title='bbox 252 3108 308 3164; x_wconf 80' lang='lat' dir='ltr'>Heg.</span> <span class='ocrx_word' id='word_1_195' title='bbox 345 3110 376 3153; x_wconf 79' lang='lat' dir='ltr'>At</span> <span class='ocrx_word' id='word_1_196' title='bbox 388 3118 441 3156; x_wconf 87' lang='lat' dir='ltr'>cum</span> <span class='ocrx_word' id='word_1_197' title='bbox 454 3109 554 3157; x_wconf 87' lang='lat' dir='ltr'>cruciatu</span> <span class='ocrx_word' id='word_1_198' title='bbox 567 3122 677 3156; x_wconf 82' lang='lat' dir='ltr'>maxumo</span> <span class='ocrx_word' id='word_1_199' title='bbox 691 3110 716 3156; x_wconf 89' lang='lat' dir='ltr'>id</span> <span class='ocrx_word' id='word_1_200' title='bbox 729 3109 814 3157; x_wconf 70' lang='lat' dir='ltr'>sadum</span> <span class='ocrx_word' id='word_1_201' title='bbox 827 3111 859 3158; x_wconf 87' lang='lat' dir='ltr'>est</span> <span class='ocrx_word' id='word_1_202' title='bbox 870 3119 918 3158; x_wconf 85' lang='lat' dir='ltr'>tuc.</span> 
     </span>
    </p>

    <p class='ocr_par' dir='ltr' id='par_1_28' title="bbox 250 3190 1081 3334">
     <span class='ocr_line' id='line_1_32' title="bbox 256 3190 1081 3251; baseline 0.005 -13"><span class='ocrx_word' id='word_1_203' title='bbox 256 3190 321 3250; x_wconf 68' lang='lat' dir='ltr'>synd</span> <span class='ocrx_word' id='word_1_204' title='bbox 344 3192 432 3240; x_wconf 68' lang='grc' dir='ltr'>ΝΜ</span> <span class='ocrx_word' id='word_1_205' title='bbox 458 3195 509 3242; x_wconf 79' lang='grc' dir='ltr'>ΝΕ</span> <span class='ocrx_word' id='word_1_206' title='bbox 533 3194 819 3251; x_wconf 63' lang='lat' dir='ltr'>munufactum,</span> <span class='ocrx_word' id='word_1_207' title='bbox 841 3196 909 3250; x_wconf 78' lang='lat' dir='ltr'><strong>parui</strong></span> <span class='ocrx_word' id='word_1_208' title='bbox 923 3196 1027 3249; x_wconf 75' lang='lat' dir='ltr'>aestimo.</span> <span class='ocrx_word' id='word_1_209' title='bbox 1079 3222 1081 3227; x_wconf 94' lang='lat'>·</span> 
     </span>
     <span class='ocr_line' id='line_1_33' title="bbox 250 3277 898 3334; baseline 0.005 -10"><span class='ocrx_word' id='word_1_210' title='bbox 250 3278 275 3325; x_wconf 80' lang='lat' dir='ltr'>si</span> <span class='ocrx_word' id='word_1_211' title='bbox 289 3290 343 3334; x_wconf 81' lang='lat' dir='ltr'>ergo</span> <span class='ocrx_word' id='word_1_212' title='bbox 356 3277 395 3322; x_wconf 88' lang='lat' dir='ltr'>hic</span> <span class='ocrx_word' id='word_1_213' title='bbox 409 3278 503 3333; x_wconf 79' lang='lat' dir='ltr'>peribo,</span> <span class='ocrx_word' id='word_1_214' title='bbox 523 3279 556 3326; x_wconf 83' lang='lat' dir='ltr'>ast</span> <span class='ocrx_word' id='word_1_215' title='bbox 568 3280 623 3334; x_wconf 83' lang='lat' dir='ltr'>ine,</span> <span class='ocrx_word' id='word_1_216' title='bbox 639 3288 664 3327; x_wconf 80' lang='lat' dir='ltr'>vt</span> <span class='ocrx_word' id='word_1_217' title='bbox 678 3280 751 3333; x_wconf 82' lang='lat' dir='ltr'>dixit,</span> <span class='ocrx_word' id='word_1_218' title='bbox 766 3292 814 3326; x_wconf 83' lang='lat' dir='ltr'>ucu</span> <span class='ocrx_word' id='word_1_219' title='bbox 825 3280 898 3327; x_wconf 85' lang='lat' dir='ltr'>cedit:</span> 
     </span>
    </p>

    <p class='ocr_par' dir='ltr' id='par_1_29' title="bbox 250 3359 849 3416">
     <span class='ocr_line' id='line_1_34' title="bbox 250 3359 849 3416; baseline -0.002 -7"><span class='ocrx_word' id='word_1_220' title='bbox 250 3359 406 3409; x_wconf 75' lang='lat' dir='ltr'>medemini</span> <span class='ocrx_word' id='word_1_221' title='bbox 420 3360 464 3404; x_wconf 91' lang='lat' dir='ltr'>hoc</span> <span class='ocrx_word' id='word_1_222' title='bbox 478 3361 561 3409; x_wconf 70' lang='lat' dir='ltr'>misum</span> <span class='ocrx_word' id='word_1_223' title='bbox 575 3372 668 3409; x_wconf 83' lang='lat' dir='ltr'>mortuo</span> <span class='ocrx_word' id='word_1_224' title='bbox 681 3362 849 3416; x_wconf 76' lang='lat' dir='ltr'>memumbile3</span> 
     </span>
    </p>

    <p class='ocr_par' dir='ltr' id='par_1_30' title="bbox 251 3444 923 3503">
     <span class='ocr_line' id='line_1_35' title="bbox 251 3444 923 3503; baseline 0.006 -11"><span class='ocrx_word' id='word_1_225' title='bbox 251 3445 334 3493; x_wconf 82' lang='lat' dir='ltr'>Meum</span> <span class='ocrx_word' id='word_1_226' title='bbox 349 3445 434 3490; x_wconf 87' lang='lat' dir='ltr'>herum</span> <span class='ocrx_word' id='word_1_227' title='bbox 448 3452 541 3498; x_wconf 81' lang='lat' dir='ltr'>captum</span> <span class='ocrx_word' id='word_1_228' title='bbox 556 3459 583 3492; x_wconf 85' lang='lat' dir='ltr'>ex</span> <span class='ocrx_word' id='word_1_229' title='bbox 597 3445 722 3501; x_wconf 84' lang='lat' dir='ltr'>seruitute,</span> <span class='ocrx_word' id='word_1_230' title='bbox 739 3455 808 3503; x_wconf 78' lang='lat' dir='ltr'>utque</span> <span class='ocrx_word' id='word_1_231' title='bbox 822 3444 923 3496; x_wconf 73' lang='lat' dir='ltr'>cumbae</span> 
     </span>
    </p>

    <p class='ocr_par' dir='ltr' id='par_1_31' title="bbox 250 3526 874 3589">
     <span class='ocr_line' id='line_1_36' title="bbox 250 3526 874 3589; baseline 0.003 -11"><span class='ocrx_word' id='word_1_232' title='bbox 250 3531 366 3578; x_wconf 83' lang='lat' dir='ltr'>Reducem</span> <span class='ocrx_word' id='word_1_233' title='bbox 378 3526 453 3575; x_wconf 81' lang='lat' dir='ltr'>fecisse</span> <span class='ocrx_word' id='word_1_234' title='bbox 466 3527 566 3575; x_wconf 85' lang='lat' dir='ltr'>liberum</span> <span class='ocrx_word' id='word_1_235' title='bbox 579 3531 602 3577; x_wconf 86' lang='lat' dir='ltr'>in</span> <span class='ocrx_word' id='word_1_236' title='bbox 615 3531 714 3589; x_wconf 79' lang='lat' dir='ltr'>patriam</span> <span class='ocrx_word' id='word_1_237' title='bbox 727 3532 756 3579; x_wconf 74' lang='lat' dir='ltr'>ad</span> <span class='ocrx_word' id='word_1_238' title='bbox 769 3538 874 3589; x_wconf 67' lang='lat' dir='ltr'>mem,</span> 
     </span>
    </p>

    <p class='ocr_par' dir='ltr' id='par_1_32' title="bbox 251 3612 719 3675">
     <span class='ocr_line' id='line_1_37' title="bbox 251 3612 719 3675; baseline 0 -11"><span class='ocrx_word' id='word_1_239' title='bbox 251 3616 379 3673; x_wconf 79' lang='lat' dir='ltr'>Meumque</span> <span class='ocrx_word' id='word_1_240' title='bbox 393 3612 468 3672; x_wconf 79' lang='lat' dir='ltr'>pocius</span> <span class='ocrx_word' id='word_1_241' title='bbox 482 3626 521 3660; x_wconf 84' lang='lat' dir='ltr'>me</span> <span class='ocrx_word' id='word_1_242' title='bbox 534 3622 604 3674; x_wconf 76' lang='lat' dir='ltr'>caput</span> <span class='ocrx_word' id='word_1_243' title='bbox 614 3615 719 3675; x_wconf 74' lang='lat' dir='ltr'>periculo</span> 
     </span>
    </p>
   </div>
   <div class='ocr_carea' id='block_1_6' title="bbox 0 0 1388 4384">
    <p class='ocr_par' dir='ltr' id='par_1_33' title="bbox 0 0 1388 4384">
     <span class='ocr_line' id='line_1_38' title="bbox 0 0 1388 4384; baseline 0 7"><span class='ocrx_word' id='word_1_244' title='bbox 0 0 1388 4384; x_wconf 95' lang='lat' dir='ltr'> </span> 
     </span>
    </p>
   </div>
  </div>
 </body>
</html>
