2767 4384
496 441 500 452 ,
572 419 820 485 onerive
1059 431 1128 504 143

262 574 340 620 Maior
354 573 440 629 potitus
455 569 556 618 hostium
569 572 607 618 eii„
636 572 698 630 quod
712 573 755 616 hoc'
770 570 803 617 est
816 568 902 616 scelus!

262 659 331 712 Quasi
346 658 370 704 in
387 658 509 704 orbitatem
524 656 610 702 liberos
625 656 782 712 produxerim.
1081 664 1128 711 105

261 745 362 799 Sequere
376 743 433 787 hac:
453 742 562 787 reducam
577 751 599 787 te
614 742 653 787 vbi
671 738 740 786 suisti.
769 730 869 785 neminis

259 825 366 873 Misereri
381 834 469 871 certum
487 823 533 878 est,
555 822 609 881 quia
623 825 670 870 mei
686 824 778 870 miseret
796 823 920 870 neminem.
955 815 962 838 ¹

257 910 329 970 Aust,
348 908 500 965 Exauspioani
516 920 546 954 ex
560 908 649 954 vinclis.
680 921 741 954 nune
758 908 883 965 intellego.

257 994 473 1052 Redauspioandum
487 991 532 1039 eise
548 992 679 1039 incatenate
694 994 777 1039 denuo.

410 1158 671 1218 ncrvsrv.
747 1158 909 1216 senua
945 1136 994 1215 ι’

565 1294 814 1342 ΕΚῦΛὸΙΗῙὸ.

257 1362 368 1444 Iuppiter
383 1389 505 1444 supreme,
525 1390 601 1436 seruas
619 1404 672 1444 me,
697 1404 806 1448 meatque
821 1402 891 1447 auges
907 1402 970 1446 opes.

255 1472 381 1519 Maxumas
397 1474 529 1529 opimitates
542 1472 695 1532 opiparasque
709 1474 779 1520 offere
797 1475 863 1519 mihi.

255 1558 375 1609 Laudem,
391 1558 497 1612 lucrum,
518 1559 616 1613 ludum,
640 1559 735 1612 iocum,
753 1559 915 1610 festiuttatem,
937 1558 1021 1614 ferias,

256 1642 384 1696 Pompam,
408 1654 511 1697 penum,
534 1642 678 1699 potationes,
699 1642 856 1696 saturitatem,
876 1642 1005 1698 gaudium:

253 1725 304 1770 Neo
319 1725 444 1782 quoiquam
460 1726 551 1772 homini
565 1723 694 1783 supplicare
709 1739 770 1772 nune
786 1728 875 1772 certum
893 1724 924 1771 est
938 1726 1004 1771 mihi.
1110 1735 1124 1781 ς

252 1791 331 1863 Nam,
355 1812 391 1857 vel
407 1808 511 1867 prodesse
529 1809 604 1855 amieo
620 1808 728 1865 possum,
753 1809 790 1855 vel
807 1808 929 1854 inimicum
944 1811 1048 1865 perdere.

251 1893 343 1958 Ita—hic
358 1906 397 1938 me
413 1893 553 1940 amoenitate
569 1906 667 1940 amoena
680 1906 791 1939 amoenus
809 1892 915 1939 oneraoit
930 1894 986 1939 dies.

251 1978 307 2024 Sine
321 1975 388 2023 saeris
404 1978 557 2025 hereditatem
573 1977 624 2024 sum
643 1973 911 2033 aptus''effertiffumam.

252 2063 322 2109 Nunc
336 2063 366 2108 ad
381 2061 459 2110 senem
475 2064 566 2109 cursum
586 2061 700 2119 capessam
718 2053 779 2106 hurio
793 2060 944 2118 Hegionem„
960 2063 998 2108 cui
1014 2064 1070 2111 honi

253 2145 360 2193 Tantum
382 2149 478 2203 adfero,
501 2156 615 2205 parantum
631 2145 678 2203 ipse
694 2162 709 2193 a
723 2147 775 2193 Diis
794 2155 874 2204 optat,
896 2158 967 2204 ratrpue¹
987 2149 1058 2196 etiam
1074 2127 1124 2198 nni·

736 2218 805 2273 plius.
1092 2229 1124 2267 10

254 2301 322 2346 Nune
341 2314 377 2347 res
392 2311 454 2347 certa
471 2301 516 2355 est,
538 2302 621 2348 eodem
634 2302 714 2358 pasto,
734 2309 759 2346 vt
774 2299 863 2346 Comici
878 2298 938 2346 serui
951 2301 1040 2354 solent,

251 2385 379 2431 eoniiciam
395 2386 420 2431 in
439 2385 525 2431 collum
543 2385 656 2441 paliium,
676 2384 752 2441 primo
770 2396 798 2429 err
815 2397 853 2429 me
872 2383 995 2429 honorem
1010 2385 1098 2435 audiat.

251 2469 385 2525 Speroque,
416 2482 454 2515 me
469 2470 530 2516 huno
545 2467 654 2515 nuntium
672 2479 792 2530 aeternum
807 2468 947 2525 adepturum
963 2466 1049 2518 eibum.

392 2635 676 2719 acrvsrv„
732 2634 981 2694 scuuuru

465 2771 612 2825 HEGIO,
649 2770 903 2818 ERGASILVS.

253 2840 361 2931 Quanto
377 2860 401 2905 in
417 2861 507 2915 petiere
523 2863 582 2907 hane
597 2874 648 2906 rem
666 2873 720 2907 meo
736 2861 810 2918 magis
826 2861 920 2918 voluto.

250 2943 404 2991 Tantomihi
419 2943 538 2997 aegritudo
556 2944 642 2995 audior
656 2945 688 2990 est
705 2946 730 2990 io
745 2946 831 2993 animo.

239 3027 287 3075 'Ad
305 3028 372 3071 illum
390 3026 612 3075 modumjsubiitum
628 3040 654 3072 os
672 3028 717 3074 eise

248 3111 325 3160 Hodie
341 3109 418 3154 mihi?
447 3121 520 3165 neque
537 3109 562 3154 iu
577 3107 703 3166 perspicere
721 3086 820 3169 quiuis*

249 3192 332 3246 Quod,
356 3206 409 3237 oum
425 3191 533 3245 sortitur,
554 3204 599 3246 per
614 3195 695 3242 vrbem
711 3196 831 3243 irridebor.
1064 3231 1068 3236 -
1103 3203 1117 3252 ς

250 3278 311 3324 Cum
325 3276 442 3332 extemplo
457 3278 486 3321 ad
502 3275 579 3322 forum
595 3279 729 3333 aduenero,
752 3292 834 3326 omnes
850 3280 1002 3336 toquentem·

250 3360 294 3405 Hie
308 3360 348 3405 ille
364 3360 395 3404 est
407 3359 476 3405 senex
491 3361 587 3415 duetus,
609 3363 664 3419 quoi
681 3363 751 3409 verba
767 3366 821 3409 data
833 3361 893 3411 sunt

249 3444 296 3492 Sed
310 3443 438 3499 urgemus,
462 3445 524 3491 estne
539 3445 592 3497 hie,
616 3446 699 3502 procul
713 3447 883 3501 quem-video?

249 3528 350 3574 coueeu
365 3528 458 3583 quidem
476 3519 601 3585 est'passio.
632 3531 742 3585 quidnam
757 3531 888 3579 atturn’st?

250 3612 303 3671 Etr.
332 3609 714 3676 Mouarbetomormntpue,
734 3609 1058 3675 meterentur&
1082 3619 1129 3663 -ιο-
1181 3653 1183 3658 .

270 3707 287 3720 “·
309 3713 312 3718 ·
1024 3739 1028 3748 ,
1053 3699 1121 3754 Emi.
