2767 4384
283 384 354 458 134
511 383 557 438 tu.
584 384 712 439 necrr
735 385 913 440 PLAVTI

279 516 326 574 Ipsi
339 519 369 564 de
382 519 433 566 loro
447 527 496 569 tem
509 531 588 581 nomo
602 525 676 583 uenite
690 528 721 574 ad
735 529 831 576 lenones
845 537 916 583 enm,
1128 538 1159 585 ll

280 604 356 657 Quam
370 605 394 651 in
408 606 470 653 tribu
481 619 561 667 aperto
573 612 647 667 capite
660 612 737 660 sontes
750 615 905 673 condemnant
918 627 977 662 reos.

279 691 362 757 Neque
376 692 484 740 ridiculos
497 695 545 744 iam
559 691 657 745 teruncii
673 699 767 750 faciunt
795 701 841 748 sele
854 714 935 751 onmes
946 707 1038 749 ament.
1116 728 1118 733 ·

280 775 359 829 Nam,
381 786 406 824 ut
419 780 507 827 dudum
519 783 574 830 hine
587 783 651 839 abii,
675 785 753 832 ancelli
766 787 796 831 ad
812 784 965 833 adolescentes
980 785 1010 832 in
1026 785 1097 833 foro:
1197 752 1199 859 i

283 863 390 919 saluere,
412 866 523 925 inquunt:
554 869 606 922 Quo
620 870 682 917 imus
695 882 756 924 una,
779 871 890 929 inquam,
912 871 942 917 ed
953 870 1108 928 prandium?
1128 880 1161 921 et·
1197 864 1198 911 ἶ

765 945 810 990 que
824 933 858 978 illi
870 941 952 979 tacent.

282 1008 339 1063 Quis
360 1009 411 1057 ait?
440 1014 498 1068 hor,
525 1024 580 1069 eut,
608 1016 660 1073 quie
687 1017 829 1130 prolitefflur?
857 1019 967 1075 iuquam.
999 1018 1067 1077 qunti
1094 1022 1159 1091 muti

793 1092 849 1130 ent:
1129 1100 1161 1136 20

282 1160 362 1219 Neque
376 1178 414 1212 me
429 1166 511 1216 rident.
540 1170 587 1217 Vbi
600 1172 742 1217 coenamus?
765 1171 876 1229 inquam,
898 1179 967 1228 atque
980 1170 1018 1218 illl
1032 1150 1157 1229 annuum,

281 1248 340 1295 Dico
353 1263 423 1295 vnunr
436 1252 558 1301 ridiculum
573 1256 658 1301 dilium
674 1256 703 1300 de
717 1254 780 1300 dittis
795 1255 947 1309 melioribus,

283 1334 371 1388 Quibus
385 1335 487 1384 solebam
502 1340 652 1386 menstruales
667 1341 746 1396 epulas
761 1352 814 1387 ante
829 1339 954 1398 adipiscier.

281 1421 358 1471 Nemo
372 1425 437 1471 ridet.
466 1424 521 1471 solui
531 1426 647 1481 extemplo
659 1438 709 1471 rem
723 1426 882 1480 denominatio
895 1425 952 1480 geri.

281 1509 317 1556 Ne
332 1522 412 1557 canem
426 1512 520 1568 quidem
535 1511 649 1556 irritatam
664 1509 739 1555 uoluit
752 1510 873 1566 quiequam
886 1510 1009 1559 imitarier.
1125 1520 1156 1567 ις

281 1595 385 1651 Saltem.
407 1597 486 1645 sinon
499 1600 640 1655 arriderent.
651 1598 740 1653 ¹dentes
759 1604 785 1642 vt
800 1594 970 1650 restringerent.

281 1681 345 1728 Abeo
359 1683 462 1740 abillis,
483 1685 603 1742 postquam
617 1683 684 1731 uideo
699 1697 737 1731 me
754 1681 785 1728 lic
800 1670 960 1727 ludificarier.'

280 1766 355 1825 Pergo
368 1770 396 1814 ad
410 1769 481 1824 alios,
508 1773 575 1818 uenio
589 1773 618 1819 ad
630 1772 703 1824 ulios,
724 1769 807 1814 deinde
819 1768 849 1813 ad
859 1767 932 1813 aliorr
955 1779 1004 1815 voe
1017 1780 1071 1817 ret:
1102 1830 1105 1837 Ι

282 1853 370 1901 Omnes
384 1856 564 1912 compararem
578 1866 665 1915 egurot.
688 1854 752 1915 quafi
764 1855 790 1901 in
804 1854 898 1901 velabro
911 1852 1001 1899 olearii.

282 1943 352 1990 Nunc
363 1944 432 1991 redeo
444 1944 514 1996 inde,
535 1943 645 1999 qnoniam
659 1953 697 2010 me
712 1942 745 1993 ibi
758 1940 826 1985 rideo
839 1937 987 1986 ludificarier.
1123 1947 1155 1996 ab

281 2025 343 2083 Item
356 2028 396 2081 alii
410 2028 504 2095 Paruiiti
514 2026 597 2073 frubre
607 2025 788 2073 obambulabant
801 2026 827 2079 in
840 2026 899 2072 loro.

281 2114 351 2161 Nune
363 2114 481 2160 barbarica
494 2114 545 2170 lege
558 2121 647 2159 certum
660 2109 691 2158 est
703 2110 740 2156 ius
754 2122 834 2156 meum
847 2121 917 2154 omne
930 2106 1047 2165 persequi

282 2197 328 2251 Qui
341 2198 464 2244 concilium
477 2198 564 2250 iniere,
586 2208 632 2252 quo
646 2206 687 2242 uos
701 2195 760 2241 victu
772 2205 796 2242 et
809 2194 857 2241 vita
870 2194 1030 2250 prohibeant3

281 2283 324 2330 His
337 2263 505 2335 trienninm,
527 2283 633 2339 irrogabo
649 2282 763 2328 multam:
788 2290 813 2327 vt
827 2281 886 2326 mihi
900 2291 983 2324 coenas
997 2280 1086 2328 decem

232 2413 238 2425 ,
281 2366 338 2413 Meo
351 2368 462 2415 arbitratu
477 2370 546 2424 dent,
568 2382 622 2416 oum
637 2380 689 2413 nara
703 2379 796 2413 annona
809 2363 837 2412 fit
874 2365 992 2422 liutgero.
1126 2374 1155 2425 ης

237 2480 244 2487 -
281 2453 349 2499 Nunc
360 2453 399 2499 ibo
412 2456 441 2499 ad
455 2466 548 2510 portum
562 2454 622 2501 irinc.
652 2453 684 2499 eii
697 2451 745 2498 illio
758 2448 938 2506 mihivnaipes
953 2449 1093 2498 oneratione

280 2539 305 2590 Si
317 2552 344 2587 ea
357 2541 494 2596 deuollabit,
515 2541 596 2587 redibo
609 2540 655 2586 buo
668 2541 698 2586 ad
711 2539 803 2592 senem,
829 2538 858 2583 ad
871 2548 967 2587 coennrn
980 2522 1101 2594 asperam.

409 2697 570 2759 Achs
606 2696 681 2754 111.
762 2693 931 2785 scENn
964 2694 1018 2755 11.

644 2830 781 2879 udum.

282 2907 359 3002 Quid
373 2933 522 2988 eufradius,
546 2947 616 2992 quam
636 2937 696 2984 bene
716 2950 765 2984 rem
780 2948 859 2995 gerere
873 2936 935 3009 bono
948 2931 1068 2986 publico?
1097 2934 1156 2985 flent

761 3019 804 3065 ego
819 3007 862 3053 ieci
877 3007 943 3053 herr,

280 3085 339 3131 cum
354 3089 401 3134 emi
414 3089 483 3136 hosce
497 3089 609 3136 hominen
638 3089 677 3136 vbi
691 3089 788 3148 quisque
802 3090 895 3141 uident,
919 3095 976 3132 eunt
993 3086 1113 3147 obuiam·

280 3169 475 3232 Gratulaoturque
490 3189 542 3222 eam
555 3188 612 3222 rem.
642 3175 676 3222 ira
687 3188 726 3225 me
739 3176 848 3225 miserum
860 3173 1000 3229 testitudo,

280 3254 467 3312 terrendoque,
481 3259 563 3309 latium
576 3260 733 3310 reddiderunt.

280 3339 326 3385 Vix
341 3353 369 3385 err
383 3344 519 3396 gratulando
531 3346 600 3395 milet
613 3349 660 3394 iem
673 3348 813 3395 eminebant·
1138 3358 1153 3400 ς

281 3424 387 3470 Tandem
401 3427 447 3472 abii
461 3430 490 3473 ud
504 3433 651 3482 Praetorem:
667 3436 700 3481 ibi
713 3436 752 3482 nix
764 3431 883 3490 requieui:
900 3445 957 3491 rogo
971 3433 1152 3494 syngraphum:

281 3508 354 3555 Datur
366 3509 438 3557 milri:
460 3512 514 3560 ilico
528 3519 581 3564 dedi
596 3520 713 3575 Tyndaro
741 3519 782 3565 ille
795 3519 853 3565 abiit
863 3521 969 3567 domum.

283 3595 338 3645 inde
350 3595 412 3645 illico
423 3609 528 3650 retrortor
542 3603 654 3659 domum,
675 3605 796 3664 obliquum
809 3605 834 3655 iu
845 3609 921 3655 allum
935 3604 981 3660 est,
1005 3616 1051 3652 eo:
1104 3570 1106 3575 Ι

1094 3684 1151 3732 Pto-
