2767 4384
534 394 839 448 AMPHITRVO·

253 541 341 587 Videre
354 525 453 598 pctui‘t:
479 550 560 584 verum
573 520 616 585 vus
628 536 744 585 videbitis.
757 529 760 535 ’

253 626 299 672 Sed
313 624 487 681 Amphitruonis
500 622 549 669 iiiic
562 622 594 669 est
606 623 686 670 seruus
700 624 772 678 cour.

256 712 275 758 A
289 720 357 767 portu
371 709 418 756 iilic
430 722 492 756 nuuc
506 723 558 757 cum
578 711 668 759 lucerua
681 689 783 758 edueuit.

255 797 352 854 Abigam
366 797 413 842 iam
426 808 470 854 ego
488 797 561 844 iiiuuc
573 799 738 845 aduenientem
751 795 780 841 ab
794 793 894 841 ardicus.
1073 798 1122 843 lie

255 870 336 935 idest,
360 881 429 949 ferit:
458 885 654 942 operaepretium
668 884 707 930 iric
718 880 877 938 spectantibus

250 966 336 1014 Iouem
350 974 419 1023 atque
433 966 577 1018 Mercurium
591 971 667 1020 facere
683 965 836 1019 histrioniam.
867 1028 873 1039 ι

371 1110 565 1176 Achs
610 1119 639 1175 1.
739 1111 937 1171 SCENA
973 1113 1004 1172 1.

483 1213 620 1270 Soc'm.
647 1214 894 1262 mecumd-

255 1274 318 1368 Qui
332 1314 371 1346 me
384 1300 444 1346 aiter
455 1298 487 1345 eii
499 1300 607 1345 audacior
620 1300 715 1347 horna?
742 1309 783 1346 aut
796 1299 836 1357 qui
850 1312 889 1346 me
899 1293 1068 1349 confidentior?

255 1381 388 1434 iuuentutis
402 1397 478 1432 mores
491 1385 530 1442 qui
544 1384 627 1440 iciam,
656 1386 696 1442 qui
710 1387 755 1434 hoc
768 1387 840 1434 nouis
853 1387 915 1433 sulus
929 1386 1069 1433 erubuem!
1094 1394 1097 1401 ·

256 1475 319 1530 Quid
333 1473 416 1520 faciam
428 1483 507 1527 nuuc,
535 1471 671 1539 srTresuiri
685 1485 724 1522 me
738 1473 763 1518 iu
777 1485 891 1519 carcerem
905 1469 1084 1535 compegeriut?

256 1561 315 1608 iude
329 1573 377 1606 cras
391 1573 404 1606 e
417 1559 561 1617 promtuaria
574 1559 632 1607 ceila
645 1561 769 1616 depromar
781 1562 810 1606 ad
822 1559 936 1616 flagrum:

255 1650 306 1697 Nec
319 1647 419 1696 cauffimr
433 1648 501 1694 liceat
513 1645 589 1693 dicere
603 1645 681 1700 mihi,
710 1657 787 1747 refluere
799 1644 823 1690 iu
837 1645 893 1692 herc
907 1642 1033 1701 quidquam
1041 1642 1125 1748 ,curtilii

256 1788 308 1835 Nec
319 1785 440 1844 quisquam
455 1783 498 1840 iit,
523 1786 579 1842 quin
594 1797 632 1832 me
645 1785 729 1833 cmuei
743 1785 787 1832 effe
801 1785 899 1842 dignum
912 1785 1036 1840 deputent:
1063 1784 1098 1832 ita

258 1872 327 1929 Quafi
339 1873 447 1919 incudem
461 1885 499 1918 me
513 1871 623 1919 miserum
637 1871 745 1918 homiues
756 1871 806 1916 ciic
817 1869 888 1917 ualidi
901 1873 1012 1919 caedant:
1038 1870 1072 1918 ria

257 1962 357 2018 Peregre
373 1958 500 2007 adueniens
514 1957 612 2016 hospitio
625 1956 750 2020 publicitus
763 1957 868 2014 accipiar.

224 2104 227 2113 ‚
258 2048 322 2096 iiaec
334 2047 384 2093 heri
399 2043 545 2092 immodestia
559 2044 648 2103 coegit,
680 2057 719 2091 rue
733 2045 773 2101 qui
786 2045 831 2090 hcc

259 2131 335 2180 uocis
350 2139 445 2187 apertu
457 2128 554 2185 ingratis
565 2128 682 2176 excitauic

260 2217 342 2264 Nonne
353 2214 415 2262 idem
430 2215 474 2259 hcc
487 2214 534 2260 icci
549 2227 588 2262 me
602 2216 695 2265 mittere
709 2215 805 2273 potuit?

259 2303 376 2359 Ouuientc
389 2300 479 2346 homini
494 2303 538 2347 hcc
551 2302 649 2348 seruitus
663 2303 722 2349 dura
735 2301 776 2359 eu,
861 2282 863 2289 ¹

260 2391 311 2437 Hoc
324 2389 399 2447 magis
413 2386 481 2441 miser
495 2387 527 2432 eii
541 2387 620 2432 diuitis
641 2386 725 2433 seruos.

262 2478 389 2533 Nciiesque
403 2473 497 2529 diesque
512 2469 604 2516 adficuo
618 2469 672 2518 satis
685 2470 797 2528 superque
811 2469 850 2524 est.

263 2563 313 2616 Quo
326 2559 385 2617 faiic
399 2567 439 2604 aut
451 2557 510 2604 dicio
521 2557 582 2604 adest
593 2571 666 2615 ocur,
695 2559 786 2617 quietus
800 2572 828 2605 ue
841 2556 880 2604 fir.

263 2644 313 2703 Ipse
327 2640 436 2690 domiuus
449 2642 515 2690 diues
529 2645 621 2701 operis,
651 2655 674 2692 et
687 2645 772 2692 laboris
786 2656 876 2701 expers,

263 2730 427 2785 Quodcumque
440 2726 531 2773 homini
542 2729 625 2777 accidit
637 2724 725 2787 libere,
751 2730 813 2789 poii‘e
827 2741 891 2777 retur
902 2740 910 2775 e

263 2817 366 2870 Aequum
380 2810 425 2858 eii‘e
439 2820 522 2867 putat:
550 2826 597 2859 non
609 2825 710 2872 reputat.
726 2816 812 2864 laboris
825 2815 880 2872 quid
893 2813 936 2865 iiie

263 2901 319 2951 Nec,
334 2906 432 2951 aequom
446 2907 505 2942 acue
519 2897 624 2955 iniquom
644 2901 759 2960 imperet,
782 2902 898 2961 cogitabit.

264 2985 325 3040 Ergo
338 2981 382 3027 IN
405 2974 648 3032 SERVITVTE
667 2998 780 3045 expetunt
791 2989 865 3034 muita
878 2985 972 3044 iniqua:
1096 2998 1129 3034 ιο

264 3068 403 3117 Haheudum
417 3073 441 3112 et
453 3062 575 3111 ferendum
587 3067 631 3113 hoc
645 3081 704 3117 uuus
718 3072 750 3120 eii
763 3086 817 3120 cum
830 3073 917 3120 labore.

265 3153 331 3200 Mur.
347 3151 424 3197 Satius
437 3148 484 3203 est,
498 3160 536 3194 me
549 3150 615 3206 queri
629 3151 669 3198 iiic
680 3158 751 3202 mcdc
773 3156 923 3212 seruitutem,
951 3157 1021 3206 ucdie

265 3235 310 3292 Qui
323 3234 408 3281 fuerim
422 3235 495 3287 iiber,
525 3248 579 3282 euur
591 3250 653 3283 nuuc
666 3241 751 3296 petiuit
768 3249 833 3299 pater

265 3320 404 3370 Seruitutic:
432 3320 485 3373 iric,
504 3320 542 3379 qui
558 3334 628 3369 verna
641 3332 709 3372 uatus
722 3325 771 3380 cii,
800 3328 911 3386 queritur.

266 3409 322 3456 Sum
336 3419 391 3453 vero
405 3419 475 3454 verua
489 3409 591 3455 verbero.
622 3409 666 3471 Soss
681 3424 779 3457 numero
789 3413 989 3464 mihiinrueutem
1000 3410 1053 3467 suit,
1096 3422 1126 3463 25

268 3494 309 3542 Dia
321 3493 484 3541 aduenientem
498 3495 583 3551 gratias
596 3495 740 3552 promeritis
754 3510 837 3554 agere.
859 3508 928 3556 aeque
945 3499 1045 3556 adloqui.

269 3583 318 3630 iiae
331 3580 367 3629 iiii
380 3579 478 3639 edepol,
500 3577 519 3626 ii
532 3579 616 3628 meritc
629 3591 684 3630 mec
697 3581 784 3629 referre
797 3583 902 3631 studeant
914 3583 1006 3643 meins

702 3675 704 3684 ·
747 3667 798 3721 Ae
1087 3669 1133 3718 su.
