2767 4384
1094 660 1721 716 cchvL1o.
2063 645 2369 739 ,·167'

530 809 713 859 phaed..
726 807 923 859 Meosne
970 806 1193 854 amores?
1278 807 1393 852 cm.
1449 813 1549 852 tace
1585 813 1849 862 parumper.
1904 786 2021 852 incit‘
2065 805 2286 855 volturios

1503 892 1717 940 quatuor.

531 970 684 1017 Tales
716 968 913 1025 arripio,
946 969 1116 1017 inuoco
1144 969 1319 1015 almam
1350 980 1508 1015 meam
1538 968 1797 1020 nutricem,
1853 965 2121 1015 Herculem.

528 1055 656 1100 laeto
687 1053 952 1109 bafilicum,
991 1053 1190 1114 propino
1220 1065 1446 1111 magnum
1476 1053 1726 1109 poculum:
1772 1050 1853 1096 ilie
1881 1051 2053 1100 ebibit:
2222 1057 2288 1103 80

529 1139 683 1194 eaput
713 1138 932 1194 deponit:
974 1138 1306 1186 condormiscit.
1365 1150 1453 1195 ego
1489 1138 1530 1184 ei
1562 1137 1764 1183 subduco
1796 1137 2009 1185 anulum.

525 1223 722 1268 Deduco
755 1224 896 1278 pedes
938 1223 996 1269 de
1029 1223 1145 1268 lecto
1174 1214 1324 1276 cla'm,
1367 1235 1429 1268 ne
1460 1222 1596 1268 miles
1625 1221 1805 1273 sentiat.

523 1307 713 1362 Rogant
750 1320 827 1353 me
856 1306 976 1352 serui
993 1338 1009 1359 ‚
1049 1318 1140 1363 quo
1175 1307 1320 1353 eam?
1364 1319 1443 1354 me
1472 1306 1576 1352 dico
1603 1305 1703 1360 ire,
1744 1317 1834 1362 quo
1863 1304 2003 1354 samri
2034 1306 2197 1356 solent.

525 1389 709 1435 Ostium
754 1390 833 1436 vbi
865 1389 1110 1445 conspexi,
1157 1390 1325 1437 exinde
1351 1404 1429 1438 me
1458 1390 1582 1436 illico
1614 1390 1849 1446 protinam
1884 1391 2009 1437 dedi.

524 1474 689 1520 Phaed.
722 1475 896 1520 Laudo.
986 1476 1101 1520 Cure.
1146 1475 1335 1524 laudato
1353 1509 1369 1532 ‚
1420 1475 1604 1533 quando
1638 1474 1756 1521 illud
1769 1507 1784 1529 ,
1819 1477 1943 1533 quod
1976 1474 2109 1532 cupis
2122 1507 2139 1530 ‚
2174 1476 2284 1525 effe-

1497 1562 1640 1596 cero..
2216 1556 2277 1602 85

520 1635 702 1680 Eamus
731 1646 854 1679 nune
882 1635 1038 1687 intro,
1068 1640 1122 1680 vt
1145 1634 1338 1680 tabellas
1358 1616 1693 1691 ooniignemus.
1753 1631 1910 1680 Phaed.
1940 1647 2058 1681 num
2080 1635 2279 1683 moror?

527 1720 645 1765 Cure.
715 1720 866 1775 Atque
897 1717 1070 1776 aliquid
1102 1717 1230 1774 prius
1262 1719 1566 1767 obtrudamus
1580 1751 1597 1774 ,
1641 1730 1867 1776 pernam,
1917 1718 2082 1767 sumen
2100 1752 2117 1775 ,
2152 1719 2281 1778 glan-

1495 1790 1659 1838 dium:
2249 1794 2254 1799 ·

516 1875 650 1923 Haec
679 1872 783 1921 sunt
815 1874 967 1921 ventri
997 1874 1341 1930 stabilimenta,
1371 1887 1544 1932 panem
1574 1881 1622 1921 et
1649 1873 1744 1921 affa
1774 1876 1980 1931 bubula,

520 1959 746 2006 Poculum
775 1960 963 2015 grande.
1019 1958 1127 2003 aula
1160 1971 1366 2014 magna:
1416 1968 1467 2005 vt
1490 1958 1597 2005 satis
1635 1958 1822 2006 consilia
1850 1959 2108 2016 suppetant.

521 2044 650 2089 Tute
681 2042 874 2088 tabellas
905 2026 1199 2098 confignato:
1239 2041 1315 2086 hio
1343 2040 1652 2089 ministrabit:
1700 2054 1786 2099 ego
1815 2043 1969 2089 edam.
2208 2052 2275 2096 9ο

521 2123 691 2172 Dicam
705 2156 721 2179 ,
757 2125 1154 2182 quemadmodum
1182 2123 1456 2175 conscribas.
1511 2123 1700 2189 sequere
1720 2139 1799 2173 me
1814 2128 1903 2175 hac
1920 2127 2065 2176 intro.
2113 2126 2267 2176 Phaed-

1488 2194 1668 2254 sequor.

1116 2366 1175 2422 A
1196 2365 1243 2423 C
1255 2365 1313 2422 T
1326 2364 1388 2423 V
1404 2364 1440 2422 S
1526 2365 1557 2423 1
1573 2365 1604 2421 1
1618 2365 1677 2422 1.

816 2484 1094 2553 -ινθεο,
1174 2498 1613 2553 ενιιενιιο,
1686 2499 1910 2545 Leno.

515 2583 710 2657 Beatus
737 2609 930 2657 videor:
978 2608 1175 2656 subduxi
1204 2607 1547 2663 ratiunculam,

444 2735 448 2739 .
515 2695 754 2746 Quantum
784 2694 903 2740 aeris
934 2693 1053 2739 mihi
1084 2691 1167 2747 fit,
1207 2700 1524 2751 quantumque
1558 2692 1696 2741 alieni
1727 2693 1827 2743 fiet.

518 2776 664 2823 Diues
691 2755 821 2831 sum;
852 2775 890 2823 fi
918 2790 1012 2824 uon
1039 2778 1182 2824 reddo
1213 2775 1310 2830 εἰς,
1348 2775 1516 2835 quibus
1546 2777 1723 2826 debeo:

519 2857 569 2906 Si
598 2859 741 2905 reddo
769 2858 891 2914 illis,
930 2863 1095 2917 quibus
1128 2864 1307 2918 debeo,
1347 2863 1455 2919 plus
1488 2862 1629 2910 alieni
1659 2863 1737 2910 est.

515 2943 725 2998 Verum,
757 2944 940 3001 hercle,
977 2960 1116 3002 vero,
1152 2959 1261 2995 oum
1288 2946 1412 2994 belle
1440 2947 1648 3006 recogito
1666 2981 1682 3002 ,
2234 2962 2258 3003 ς

513 3028 564 3076 Si
594 3029 742 3086 magis
774 3043 851 3077 me
884 3029 1144 3084 instabunt,
1189 3032 1249 3078 ad
1276 3030 1548 3080 Praetorem
1578 3030 1811 3080 sufferam.

513 3114 701 3160 Habent
731 3114 856 3159 huno
890 3126 1073 3162 morem
1101 3114 1308 3173 plerique
1340 3115 1620 3175 argentarii,

514 3192 596 3247 Vt}
611 3197 729 3243 alius
762 3197 909 3244 alium
941 3196 1158 3254 poscant.
1203 3200 1402 3246 reddant
1429 3200 1639 3246 nemini:

511 3280 687 3338 Pugnis
723 3293 827 3327 rem
852 3280 1067 3337 soluaut,
1100 3280 1137 3329 ss
1162 3282 1265 3340 quis
1290 3283 1445 3340 postat
1479 3282 1661 3329 clarius.

513 3363 605 3417 Qui
649 3364 694 3410 u
714 3363 754 3411 o
775 3364 828 3412 Μ
845 3365 886 3413 o
924 3374 1109 3414 mature
1137 3364 1362 3424 quaefiuit
1388 3365 1670 3423 pecuniam,
1844 3345 1880 3366 ’
2199 3378 2266 3419 10

510 3447 610 3494 Nisi
646 3461 752 3495 eam
785 3455 970 3497 mature
1000 3446 1174 3507 pnffit,
1209 3458 1392 3501 mature
1422 3452 1576 3501 esurit.

508 3533 660 3590 Cupio
694 3533 900 3594 aliquem
934 3546 1093 3605 emere
1120 3547 1322 3593 puerum
1340 3569 1356 3593 ,
1398 3538 1480 3595 qui
1513 3535 1747 3587 vsurarius

505 3618 645 3665 Nunc
676 3618 797 3667 mihi
833 3629 1092 3678 quaer-amr.
1148 3618 1254 3669 νῆις
1285 3620 1351 3669 est
1373 3620 1586 3679 pecunia.

513 3704 629 3750 Cure.
688 3703 769 3751 Nil
795 3713 847 3752 tu
862 3708 954 3753 'me
979 3704 1189 3755 faturum
1217 3704 1486 3754 monueris:
1533 3704 1731 3754 memini
1757 3711 1806 3755 et
1830 3702 1937 3755 stio-

503 3786 609 3844 Ego
637 3786 970 3847 hocvffettum
1004 3788 1158 3847 lepide
1190 3788 1277 3837 tibi
1306 3791 1519 3838 tradam:
1558 3797 1658 3837 taoe
2184 3798 2245 3844 Π

508 3868 721 3930 Edepol,
756 3884 845 3928 nae
874 3884 962 3933 ego
988 3873 1068 3922 hio
1090 3887 1169 3924 me
1200 3874 1328 3925 intus
1360 3873 1546 3933 expleui
1572 3874 1747 3933 grube,

1415 3956 1456 4008 L
1496 3968 1530 4015 4
1772 4004 1776 4009 .
2188 3956 2252 4004 Et
