2767 4384
493 424 937 511 manducandum
1059 416 1130 499 381.

255 567 329 625 Eripe
344 567 439 616 obuium
454 565 507 620 isti,
521 569 550 615 ab
565 569 664 615 butero
679 567 720 624 qui
734 575 758 614 ιι
774 574 852 622 unet,
870 566 940 619 here,
956 573 980 613 te
997 566 1098 615 obiecto.
1124 568 1126 573 '

257 652 328 699 Hisce
345 664 388 711 ego
402 651 449 698 iam
464 651 592 700 sementem
605 652 631 699 in
646 664 686 700 one
700 649 800 701 faniam,
820 660 957 707 pugnosque
974 650 1085 697 obseram.

258 737 375 784 Maxumo
392 736 462 784 hodie
476 737 557 791 malo,
579 737 672 790 herde,
699 735 774 784 vostro
789 734 862 781 diune
876 733 947 781 sertis.
975 735 1070 782 mittite.

259 821 322 867 Men.
341 821 423 869 Teneo
438 832 483 880 ego
498 821 554 867 buia
576 821 678 869 oculum.
734 816 799 878 Meffl
820 819 885 873 face,
911 826 937 864 vt
953 818 1014 864 osuii
1028 819 1092 867 lusus
1106 822 1134 869 ia

230 912 232 917 ·
746 893 820 948 capite
837 892 952 946 adpareat.
1099 901 1131 945 as

260 975 311 1025 Vos
324 975 428 1031 scelesti,
451 989 492 1025 vus
505 987 616 1035 rapaces,
637 990 679 1024 vos
693 978 828 1035 praedones.
859 978 907 1021 Lm.
925 975 1052 1031 periimus!

261 1060 360 1110 Obsecro
374 1062 460 1110 hercle.
517 1057 581 1121 Meffl
598 1062 685 1109 mittite
702 1074 776 1172 eugegii
808 1060 881 1173 ‘alga
900 1061 956 1118 quid
968 1073 1007 1108 me
1022 1058 1135 1123 nobista-

778 1141 791 1175 ο
850 1160 856 1171 .

259 1213 328 1261 Peiie
342 1211 434 1269 pugnis.
463 1208 529 1270 Meffi
541 1213 621 1272 agite,
639 1212 716 1265 abite,
737 1209 811 1269 fugite
827 1209 882 1255 hino
894 1209 919 1256 in
933 1210 1019 1276 nimam
1033 1224 1133 1261 crucem.

261 1295 325 1343 Hem
336 1296 384 1342 'tibi
402 1296 491 1351 etiam,
513 1297 568 1355 quia
584 1296 711 1353 postremus
726 1296 804 1348 cedis,
825 1294 869 1340 hoc
885 1295 983 1351 praemii
999 1295 1065 1342 feres.

262 1379 341 1427 Nimis
356 1387 436 1426 autem
451 1380 510 1427 bene
528 1393 569 1426 ora
584 1380 757 1431 commentaoi,
773 1388 842 1435 atque
857 1390 886 1424 ex
901 1390 953 1425 mea
968 1377 1086 1425 sententia
1104 1385 1137 1431 3ο

262 1463 370 1520 Edepol,
392 1465 466 1518 here,
490 1476 534 1511 nee
549 1465 592 1511 tibi
608 1463 725 1521 suppetias
740 1473 846 1521 tempore
859 1462 944 1511 odueoi
958 1463 1035 1508 modo.

263 1549 326 1595 Mem
344 1551 375 1597 At
390 1550 432 1596 tibi
447 1550 471 1596 di
485 1548 590 1606 semper,
613 1549 758 1600 adolescens.
781 1547 884 1606 quisquis
898 1560 938 1599 es,
957 1545 1041 1593 faciant
1054 1548 1121 1594 bene.

263 1633 327 1680 Nam
341 1633 428 1691 absque
446 1634 486 1680 ted
497 1630 569 1686 eiset,
592 1632 661 1679 hodie
681 1643 810 1687 numquam
833 1631 873 1695 ad*
884 1631 961 1677 Solem
983 1629 1088 1677 ocmsum
1105 1630 1138 1678 vi·

748 1706 836 1740 uorem.

264 1777 329 1836 Meffi
346 1780 409 1835 uteo
422 1779 521 1836 edepol,
541 1777 559 1824 ii
573 1780 632 1825 rebe
646 1776 731 1831 facim,
753 1777 824 1831 here,
847 1789 885 1824 me
900 1780 979 1825 mittas
994 1791 1074 1827 mauu.

264 1863 328 1909 Men.
346 1863 455 1910 Liberem
472 1873 516 1919 ego
529 1865 574 1910 te?
621 1859 687 1922 Meffl
713 1875 812 1916 omum,
836 1863 1039 1919 quandoquidem,
1061 1864 1135 1919 here,

695 1944 718 1982 te
734 1934 831 1981 seruau'u
860 1936 922 1980 Man.
943 1937 998 1993 quid
1014 1937 1063 1983 est?
1106 1940 1136 1991 ες

265 2015 417 2074 Adolescens,
441 2030 510 2067 ιιιιι.
537 2014 603 2078 Meffi
624 2019 695 2076 quid,
719 2021 791 2067 erro?
818 2020 880 2065 Men.
900 2021 1040 2078 petionem
1057 2022 1138 2069 adiuro

748 2096 855 2143 patrem,

266 2167 407 2214 Mulierum
423 2177 548 2215 ιιιιιιιιιιοιι
561 2166 613 2215 ess‘e.
642 2166 708 2227 Meffl
723 2173 862 2218 uouemus-i
890 2172 952 2217 Meo.
969 2184 1017 2220 nou
1031 2171 1139 2220 mentior.

266 2251 317 2297 Nec
333 2236 400 2295 meus
414 2250 492 2297 seruos
507 2264 619 2308 umquam
634 2253 680 2299 tale
696 2253 766 2307 iecit,
788 2255 856 2309 quale
874 2263 900 2300 ιιι
916 2257 982 2301 mihi.

267 2329 333 2390 Meffi
350 2333 387 2380 Sin
404 2332 451 2380 fine
468 2335 555 2392 igitur,
579 2334 597 2381 fi
615 2345 682 2382 tuum
700 2346 770 2392 negas
785 2349 824 2383 me
841 2336 901 2392 effe,
924 2338 988 2382 abire
1004 2338 1111 2384 liberum.

266 2418 329 2463 Men.
345 2418 401 2465 biea
414 2419 508 2475 quidem
522 2418 682 2466 herclemnffa
697 2418 756 2464 liber
765 2418 820 2471 edo,
833 2428 901 2476 atque
910 2421 951 2472 ito,
969 2432 1015 2477 quo
1025 2421 1095 2466 uoles.
1107 2430 1141 2473 uo

269 2497 334 2560 Meffl
350 2502 542 2559 Nempeiiubesi
577 2502 638 2549 Men.
655 2503 724 2549 iubeo
738 2503 873 2611 heruffihfi
887 2504 943 2560 quid
957 2503 1051 2560 imperii
1070 2502 1102 2550 est
1115 2504 1141 2551 in

753 2575 776 2613 te
816 2578 823 2610 ι
850 2597 857 2610 .

269 2642 334 2704 Meffl
350 2645 420 2694 Saloe
436 2647 470 2694 mi
484 2656 587 2704 patrone.
617 2648 675 2695 Sera.
691 2647 752 2693 ades.
768 2660 822 2696 mim
838 2658 863 2695 tu
877 2647 937 2694 liber
951 2661 990 2701 es,
1011 2647 1139 2702 Mefl'enio,

270 2731 374 2777 Gaudeo.
403 2727 468 2789 Meffi
484 2734 552 2778 credo
566 2734 642 2779 hercle
658 2734 730 2780 vobis.
759 2731 815 2785 sed,
837 2742 951 2790 patrone,
971 2742 994 2777 te
1010 2728 1117 2785 obsecro,

268 2814 306 2861 Ne
323 2814 400 2861 minus
416 2815 517 2871 imperes
533 2815 609 2869 mihi,
632 2827 702 2872 quam
718 2830 771 2862 oum
790 2825 843 2863 tuus
857 2815 934 2862 seruos
950 2813 992 2860 sui.

270 2899 339 2953 npuo
353 2906 376 2945 te
390 2899 517 2951 habitabo,
539 2907 562 2943 et
577 2900 668 2954 quando
682 2900 741 2954 ibis,
766 2914 812 2946 voa
826 2909 905 2946 tecum
919 2900 957 2945 ibo
975 2900 1080 2944 domum.
1110 2908 1141 2953 4ς

271 2980 333 3027 Men.
350 2981 458 3030 Minime.
497 2977 562 3041 Meffl
584 2994 646 3029 nuuc
660 2982 699 3030 ibo
715 2984 741 3030 io
756 2986 891 3098 tabiebriemm:
912 2981 966 3030 vata
981 2991 1005 3030 et
1020 2992 1143 3041 argentum

272 3132 389 3180 Referam.
418 3135 477 3181 reite
494 3134 526 3181 est
543 3133 687 3194 obiissnatum
697 3135 729 3182 'in
745 3136 825 3182 vidulo
840 3134 984 3192 marsupium

274 3216 335 3262 Cum
351 3217 449 3274 viatico,
469 3219 495 3264 id
510 3216 552 3264 tibi
567 3219 615 3265 iam
630 3220 677 3269 buo
692 3218 803 3265 adferam.
833 3218 895 3264 Men.
912 3220 977 3267 adfer
991 3219 1088 3268 urenae
1129 3210 1132 3219 '

274 3296 339 3360 Μαί
355 3299 514 3365 8ι1ιιοιιιῃιίιί
538 3301 610 3358 item,
632 3312 658 3351 vt
672 3305 732 3351 mihi
754 3302 851 3359 dedisti,
873 3304 1006 3351 redhibebo.
1049 3302 1088 3351 bie
1104 3313 1143 3361 ma

758 3377 835 3411 mene.

275 3446 337 3492 Me'n.
355 3444 434 3491 Nimia
448 3443 509 3489 ιιιίιι
523 3445 581 3491 mihi
595 3446 690 3505 quidem
709 3448 778 3493 hodie
795 3455 874 3493 exorta
889 3445 954 3492 oiiris
973 3445 1056 3492 modis.
1113 3454 1145 3499 59

276 3529 323 3576 ulii
338 3542 377 3577 me
395 3538 481 3587 negant
495 3528 626 3586 eum-effe,
649 3533 688 3590 pui
706 3531 771 3586 sum,
793 3541 861 3589 utque
878 3528 1004 3577 excludunt
1019 3529 1089 3575 foras.
1110 3526 1112 3533 '
1133 3592 1135 3597 Ι

276 3612 355 3661 teiam
370 3613 411 3661 bie
422 3612 514 3663 manum
528 3610 573 3661 sib
587 3610 706 3667 semaam
719 3615 811 3672 aiebat,
837 3624 907 3673 quem
924 3624 968 3673 ιιο
985 3610 1050 3660 emiii
1062 3624 1141 3659 mmo.

623 3698 632 3713 ⁸
655 3698 660 3711 ¹
1120 3698 1145 3742 is
