2767 4384
560 422 779 476 cAuINA.

237 572 380 626 Properate:
402 578 497 613 coenam
511 565 560 612 iam
574 563 619 612 eise
633 566 718 610 cottam
732 564 842 621 oportuit.

235 641 335 702 vrurur's
348 654 386 700 uro
400 663 544 699 autemeam
556 663 654 704 oront,
677 649 774 695 canorae

235 732 353 792 Vestitus,
377 740 439 785 laute
456 746 623 793 exornatusque
637 733 747 782 ambulat

235 824 295 870 Illae
306 833 385 870 autem
398 822 422 868 in
437 822 542 868 cubiculo
555 820 696 876 armigerum
709 827 808 871 ornant,

237 889 312 965 Quem
325 911 380 957 dent
393 922 436 967 pro
449 909 531 958 casina
544 920 644 968 nuptum
659 906 741 953 nostra.

237 997 283 1042 Sed
297 995 397 1042 nimium
410 996 487 1051 lepide
501 992 642 1041 diffimulcut

235 1082 295 1130 Fore
308 1083 393 1137 huius,
409 1085 470 1139 quod
484 1081 589 1129 futurum
603 1080 650 1134 eii,
666 1079 735 1135 digne
748 1084 827 1126 autem
840 1075 909 1136 coqui

236 1168 314 1214 Nimis
327 1168 404 1224 lepide
424 1167 444 1213 ei
459 1166 493 1213 rei
505 1168 561 1213 daut
574 1177 684 1221 operam,
700 1178 729 1210 ne
741 1174 822 1211 coenet
834 1160 910 1210 iencx.

236 1254 308 1301 noras
322 1261 473 1309 peruortunt‚
495 1252 574 1308 ignem
586 1250 730 1307 restinguunt
743 1261 809 1306 aque.

237 1339 335 1385 illarum
349 1345 415 1382 oratu
428 1335 522 1382 faciunt
550 1335 603 1382 ilice
616 1345 695 1382 autem
708 1335 788 1382 seuern

239 1426 343 1480 cupiunt
355 1422 475 1468 extrudere
488 1421 608 1466 incoeucru
622 1433 650 1466 ex
661 1421 771 1472 cedibusa

238 1511 273 1558 Vt
286 1509 346 1566 ipfae
360 1510 419 1556 soiae
434 1514 524 1554 ventres
538 1492 666 1552 distendant
678 1504 737 1550 suos,

238 1593 303 1641 Noui
317 1606 358 1651 ego
374 1593 425 1638 illas
436 1590 516 1637 ambos
529 1588 632 1636 estriccc:
656 1591 769 1636 corbitam
785 1587 831 1635 ciui

240 1675 343 1726 comesse
355 1675 453 1733 poffuut.
480 1676 520 1723 sed
531 1674 633 1732 aperitur
646 1673 737 1720 ostium.

348 1843 509 1900 ACTVS
554 1840 618 1899 IV·
735 1836 899 1897 SCENA
919 1926 922 1932 Ι
941 1839 992 1895 11.

416 1977 614 2031 srnrruo,
644 1974 929 2044 carnaticum

239 2048 272 2121 Si
285 2073 379 2133 sapitis,
393 2087 464 2126 vxor,
480 2082 614 2119 vortemer
625 2075 765 2129 coenabitis,
856 2101 860 2110 ·

239 2165 317 2210 Coena
336 2162 376 2209 ubi
392 2162 436 2207 erit
450 2162 518 2205 cufla-
547 2170 592 2215 τεο
603 2159 653 2204 curi
667 2173 801 2208 coercuero.
880 2171 884 2179 ’

239 2247 301 2293 Num
312 2258 401 2291 nouum
415 2244 526 2289 maritum
541 2254 564 2289 et
577 2255 663 2290 nouam
680 2255 778 2300 nuptam
791 2246 846 2290 uuio

239 2329 288 2376 Rus
301 2313 412 2385 prosecari.
443 2326 498 2374 noui
511 2329 633 2373 homiuum
647 2342 724 2375 mores
738 2328 869 2381 maleficos.

240 2418 276 2463 Ne
290 2416 341 2472 quis
354 2412 523 2468 errmauripiac
551 2412 621 2459 facite
634 2414 710 2459 vostro
719 2413 798 2459 animo
809 2413 900 2469 volupe.
1091 2419 1104 2463 ς

240 2501 286 2546 Sed
299 2507 419 2554 properate
432 2496 499 2542 istum
514 2504 583 2554 atque
595 2498 662 2543 iiiam
676 2500 778 2544 adiutum
793 2498 905 2544 emittere.

240 2584 349 2631 Tandem
363 2591 387 2628 vt
397 2582 522 2641 ,veniamus
534 2581 597 2628 luci:
622 2594 664 2639 ego
678 2595 727 2628 cras
741 2582 778 2629 iric
790 2596 837 2629 ero.

241 2669 296 2714 Cras
308 2667 424 2721 habuero,
441 2680 512 2722 vxor,
526 2680 569 2725 ego
583 2676 661 2715 tamen
674 2669 817 2715 conuiuium.

243 2752 305 2799 Pard.
321 2751 372 2806 Fir,
386 2754 446 2809 quod
461 2752 567 2799 futurum
579 2754 643 2800 dixi:
663 2755 810 2802 incoenatum
822 2753 898 2802 serrem

241 2839 310 2885 Foras
324 2840 449 2885 extrudunt
462 2841 578 2887 mulieres.
608 2840 661 2888 Stoi.
678 2844 732 2898 quid
747 2840 821 2886 ruhic
835 2841 903 2897 agis?
1075 2849 1107 2886 10

242 2925 307 2970 Parti:
319 2926 369 2982 Ego
383 2939 425 2978 eo,
442 2938 487 2981 quo
500 2938 539 2971 me
552 2926 601 2982 ipsa
615 2925 682 2972 misit.
713 2924 767 2970 Stoi,
782 2927 881 2970 verou’?
911 2922 972 2968 Pard
988 2922 1053 2969 serio.

242 3009 296 3056 Siai.
326 3009 386 3063 Quid
397 3011 434 3054 hic
443 3009 578 3067 speculare?
600 3013 661 3058 Pard.
673 3012 732 3058 nihii
743 3011 850 3068 equidem
862 3008 971 3066 speculor.
993 3007 1046 3055 dic-¹.
1059 3009 1103 3055 ati.

242 3095 281 3140 Tu
296 3093 333 3137 hic
347 3095 458 3139 tutides?
483 3095 545 3140 intus
559 3095 598 3152 alii
612 3096 725 3143 festinant.
757 3096 870 3142 Parti-eo.
1094 3099 1104 3108 ·“

242 3177 295 3224 Stal.
325 3178 369 3223 Abi
382 3179 451 3232 hinc,
465 3178 496 3226 iit
509 3193 564 3238 ergo
576 3182 734 3237 pessumarum
747 3181 865 3239 pessumo,

241 3262 323 3309 Iamne
337 3262 394 3308 abiit
405 3263 491 3312 illaec?
509 3268 585 3315 dicere
598 3271 636 3314 hic
650 3268 741 3326 quiduis
756 3268 815 3313 iicet
1072 3271 1103 3318 ¹5

242 3346 316 3399 Qvi
337 3347 467 3405 ΔΜΑΤ,
496 3355 679 3409 remedietur,
697 3353 810 3406 fieiurir,
826 3352 917 3399 nuiluru
931 3350 1013 3406 elirrit,

242 3431 287 3476 Sed
302 3442 380 3476 eccum
392 3437 538 3493 progreditur
552 3454 604 3486 cum
619 3454 703 3487 corona
717 3449 740 3486 et
753 3439 859 3495 lampade

242 3514 313 3562 Meus
325 3515 431 3575 soceros.
446 3533 553 3580 compar.
570 3525 720 3574 commeritus
733 3525 830 3571 viiiiruu
